
   <marc:record>
      <marc:leader>05293nab a2200673 u 4500</marc:leader>
      <marc:controlfield tag="001">9916149181007426</marc:controlfield>
      <marc:controlfield tag="005">20221121125102.0</marc:controlfield>
      <marc:controlfield tag="008">120923e200906 xx |||||o|||||||||||eng||</marc:controlfield>
      <marc:datafield tag="016" ind1="7" ind2=" ">
         <marc:subfield code="a">IND44189531</marc:subfield>
         <marc:subfield code="2">DNAL</marc:subfield>
      </marc:datafield>
      <marc:datafield tag="024" ind1="7" ind2=" ">
         <marc:subfield code="a">10.1016/j.biocon.2009.02.010</marc:subfield>
         <marc:subfield code="2">doi</marc:subfield>
      </marc:datafield>
      <marc:datafield tag="035" ind1=" " ind2=" ">
         <marc:subfield code="a">agid:525822-01nal_inst</marc:subfield>
      </marc:datafield>
      <marc:datafield tag="040" ind1=" " ind2=" ">
         <marc:subfield code="a">AGL</marc:subfield>
         <marc:subfield code="b">eng</marc:subfield>
         <marc:subfield code="c">AGL</marc:subfield>
      </marc:datafield>
      <marc:datafield tag="100" ind1="1" ind2=" ">
         <marc:subfield code="a">Pardini, Renata</marc:subfield>
         <marc:subfield code="e">author</marc:subfield>
         <marc:subfield code="u">Departamento de Zoologia, Instituto de Biociências, Universidade de São
        Paulo, Rua do Matão, Travessa 14, 101, CEP 05508-090 São Paulo, SP, Brazil. Electronic
        address: renatapardini@uol.com.br</marc:subfield>
      </marc:datafield>
      <marc:datafield tag="245" ind1="1" ind2="4">
         <marc:subfield code="a">The challenge of maintaining Atlantic forest biodiversity: A multi-taxa
        conservation assessment of specialist and generalist species in an agro-forestry mosaic in
        southern Bahia</marc:subfield>
      </marc:datafield>
      <marc:datafield tag="300" ind1=" " ind2=" ">
         <marc:subfield code="a">p. 1178-1190.</marc:subfield>
      </marc:datafield>
      <marc:datafield tag="520" ind1=" " ind2=" ">
         <marc:subfield code="a">Recent developments have highlighted the importance of forest amount at
        large spatial scales and of matrix quality for ecological processes in remnants. These
        developments, in turn, suggest the potential for reducing biodiversity loss through the
        maintenance of a high percentage of forest combined with sensitive management of
        anthropogenic areas. We conducted a multi-taxa survey to evaluate the potential for
        biodiversity maintenance in an Atlantic forest landscape that presented a favorable context
        from a theoretical perspective (high proportion of mature forest partly surrounded by
        structurally complex matrices). We sampled ferns, butterflies, frogs, lizards, bats, small
        mammals and birds in interiors and edges of large and small mature forest remnants and two
        matrices (second-growth forests and shade cacao plantations), as well as trees in interiors
        of small and large remnants. By considering richness, abundance and composition of forest
        specialists and generalists, we investigated the biodiversity value of matrix habitats
        (comparing them with interiors of large remnants for all groups except tree), and evaluated
        area (for all groups) and edge effects (for all groups except trees) in mature forest
        remnants. Our results suggest that in landscapes comprising high amounts of mature forest
        and low contrasting matrices: (1) shade cacao plantations and second-growth forests harbor
        an appreciable number of forest specialists; (2) most forest specialist assemblages are not
        affected by area or edge effects, while most generalist assemblages proliferate at edges of
        small remnants. Nevertheless, differences in tree assemblages, especially among smaller
        trees, suggest that observed patterns are unlikely to be stable over time.</marc:subfield>
      </marc:datafield>
      <marc:datafield tag="592" ind1=" " ind2=" ">
         <marc:subfield code="a">Publisher supplied data</marc:subfield>
      </marc:datafield>
      <marc:datafield tag="593" ind1=" " ind2=" ">
         <marc:subfield code="a">PubAg article</marc:subfield>
      </marc:datafield>
      <marc:datafield tag="650" ind1=" " ind2="3">
         <marc:subfield code="a">Chiroptera</marc:subfield>
      </marc:datafield>
      <marc:datafield tag="650" ind1=" " ind2="3">
         <marc:subfield code="a">agroforestry</marc:subfield>
      </marc:datafield>
      <marc:datafield tag="650" ind1=" " ind2="3">
         <marc:subfield code="a">biodiversity</marc:subfield>
      </marc:datafield>
      <marc:datafield tag="650" ind1=" " ind2="3">
         <marc:subfield code="a">birds</marc:subfield>
      </marc:datafield>
      <marc:datafield tag="650" ind1=" " ind2="3">
         <marc:subfield code="a">butterflies</marc:subfield>
      </marc:datafield>
      <marc:datafield tag="650" ind1=" " ind2="3">
         <marc:subfield code="a">edge effects</marc:subfield>
      </marc:datafield>
      <marc:datafield tag="650" ind1=" " ind2="3">
         <marc:subfield code="a">ferns and fern allies</marc:subfield>
      </marc:datafield>
      <marc:datafield tag="650" ind1=" " ind2="3">
         <marc:subfield code="a">forest plantations</marc:subfield>
      </marc:datafield>
      <marc:datafield tag="650" ind1=" " ind2="3">
         <marc:subfield code="a">forests</marc:subfield>
      </marc:datafield>
      <marc:datafield tag="650" ind1=" " ind2="3">
         <marc:subfield code="a">frogs</marc:subfield>
      </marc:datafield>
      <marc:datafield tag="650" ind1=" " ind2="3">
         <marc:subfield code="a">habitats</marc:subfield>
      </marc:datafield>
      <marc:datafield tag="650" ind1=" " ind2="3">
         <marc:subfield code="a">landscapes</marc:subfield>
      </marc:datafield>
      <marc:datafield tag="650" ind1=" " ind2="3">
         <marc:subfield code="a">lizards</marc:subfield>
      </marc:datafield>
      <marc:datafield tag="650" ind1=" " ind2="3">
         <marc:subfield code="a">small mammals</marc:subfield>
      </marc:datafield>
      <marc:datafield tag="650" ind1=" " ind2="3">
         <marc:subfield code="a">surveys</marc:subfield>
      </marc:datafield>
      <marc:datafield tag="650" ind1=" " ind2="3">
         <marc:subfield code="a">trees</marc:subfield>
      </marc:datafield>
      <marc:datafield tag="651" ind1=" " ind2="3">
         <marc:subfield code="a">Brazil</marc:subfield>
      </marc:datafield>
      <marc:datafield tag="700" ind1="1" ind2=" ">
         <marc:subfield code="a">Faria, Deborah</marc:subfield>
         <marc:subfield code="e">author</marc:subfield>
         <marc:subfield code="u">Departamento de Zoologia, Universidade Estadual de Campinas, CP 6109, CEP
        13083-970 Campinas, SP, Brazil. Electronic address: deborah@uesc.br</marc:subfield>
      </marc:datafield>
      <marc:datafield tag="700" ind1="1" ind2=" ">
         <marc:subfield code="a">Accacio, Gustavo M.</marc:subfield>
         <marc:subfield code="e">author</marc:subfield>
         <marc:subfield code="u">Departamento de Zoologia, Instituto de Biociências, Universidade de São
        Paulo, Rua do Matão, Travessa 14, 101, CEP 05508-090 São Paulo, SP, Brazil. Electronic
        address: mechanitis@gmail.com</marc:subfield>
      </marc:datafield>
      <marc:datafield tag="700" ind1="1" ind2=" ">
         <marc:subfield code="a">Laps, Rudi R.</marc:subfield>
         <marc:subfield code="e">author</marc:subfield>
         <marc:subfield code="u">Departamento de Zoologia, Universidade Estadual de Campinas, CP 6109, CEP
        13083-970 Campinas, SP, Brazil. Electronic address: rudilaps@furb.br</marc:subfield>
      </marc:datafield>
      <marc:datafield tag="700" ind1="1" ind2=" ">
         <marc:subfield code="a">Mariano-Neto, Eduardo</marc:subfield>
         <marc:subfield code="e">author</marc:subfield>
         <marc:subfield code="u">Departamento de Ecologia, Instituto de Biociências, Universidade de São
        Paulo, Rua do Matão, Travessa 14, 101, CEP 05508-090 São Paulo, SP, Brazil. Electronic
        address: marianon@gmail.com</marc:subfield>
      </marc:datafield>
      <marc:datafield tag="700" ind1="1" ind2=" ">
         <marc:subfield code="a">Paciencia, Mateus L.B.</marc:subfield>
         <marc:subfield code="e">author</marc:subfield>
         <marc:subfield code="u">Departamento de Botânica, Instituto de Biociências, Universidade de São
        Paulo, Rua do Matão, 277, CP 11461, CEP 05422-970 São Paulo, SP, Brazil. Electronic address:
        matinas@unip.br</marc:subfield>
      </marc:datafield>
      <marc:datafield tag="700" ind1="1" ind2=" ">
         <marc:subfield code="a">Dixo, Marianna</marc:subfield>
         <marc:subfield code="e">author</marc:subfield>
         <marc:subfield code="u">Departamento de Ecologia, Instituto de Biociências, Universidade de São
        Paulo, Rua do Matão, Travessa 14, 101, CEP 05508-090 São Paulo, SP, Brazil. Electronic
        address: maridixo@ib.usp.br</marc:subfield>
      </marc:datafield>
      <marc:datafield tag="700" ind1="1" ind2=" ">
         <marc:subfield code="a">Baumgarten, Julio</marc:subfield>
         <marc:subfield code="e">author</marc:subfield>
         <marc:subfield code="u">Departamento de Zoologia, Universidade Estadual de Campinas, CP 6109, CEP
        13083-970 Campinas, SP, Brazil. Electronic address: juliobaumgarten@uesc.br</marc:subfield>
      </marc:datafield>
      <marc:datafield tag="773" ind1="0" ind2=" ">
         <marc:subfield code="t">Biological conservation.</marc:subfield>
         <marc:subfield code="g">2009 June, v. 142, no. 6 p.1178-1190</marc:subfield>
         <marc:subfield code="d">Elsevier Ltd</marc:subfield>
         <marc:subfield code="x">0006-3207</marc:subfield>
         <marc:subfield code="7">nnas</marc:subfield>
      </marc:datafield>
      <marc:datafield tag="787" ind1="1" ind2=" ">
         <marc:subfield code="o">islandora_article_repository</marc:subfield>
      </marc:datafield>
      <marc:datafield tag="787" ind1="1" ind2=" ">
         <marc:subfield code="o">product_pubag</marc:subfield>
      </marc:datafield>
      <marc:datafield tag="787" ind1="1" ind2=" ">
         <marc:subfield code="o">(Journal)jnl44607</marc:subfield>
      </marc:datafield>
      <marc:datafield tag="856" ind1="4" ind2="0">
         <marc:subfield code="u">http://dx.doi.org/10.1016/j.biocon.2009.02.010</marc:subfield>
      </marc:datafield>
      <marc:datafield tag="912" ind1=" " ind2=" ">
         <marc:subfield code="a">Article</marc:subfield>
      </marc:datafield>
      <marc:datafield tag="914" ind1=" " ind2=" ">
         <marc:subfield code="a">Journal:jnl44607</marc:subfield>
         <marc:subfield code="b">0006-3207</marc:subfield>
         <marc:subfield code="c">142</marc:subfield>
         <marc:subfield code="d">6</marc:subfield>
         <marc:subfield code="e">1178</marc:subfield>
      </marc:datafield>
      <marc:datafield tag="914" ind1=" " ind2=" ">
         <marc:subfield code="f">Biological conservation</marc:subfield>
      </marc:datafield>
      <marc:datafield tag="917" ind1=" " ind2=" ">
         <marc:subfield code="a">issued</marc:subfield>
      </marc:datafield>
      <marc:datafield tag="918" ind1="2" ind2=" ">
         <marc:subfield code="a">Elsevier B.V.</marc:subfield>
         <marc:subfield code="e">provider</marc:subfield>
         <marc:subfield code="5">DNAL</marc:subfield>
      </marc:datafield>
      <marc:datafield tag="935" ind1=" " ind2=" ">
         <marc:subfield code="a">IND44189531</marc:subfield>
         <marc:subfield code="9">ExL</marc:subfield>
      </marc:datafield>
      <marc:datafield tag="949" ind1=" " ind2=" ">
         <marc:subfield code="a">2013-10-21</marc:subfield>
      </marc:datafield>
      <marc:datafield tag="951" ind1=" " ind2=" ">
         <marc:subfield code="a">2012-09-23</marc:subfield>
      </marc:datafield>
      <marc:datafield tag="953" ind1=" " ind2=" ">
         <marc:subfield code="a">NAL182500006320701420006.xml</marc:subfield>
      </marc:datafield>
      <marc:datafield tag="962" ind1=" " ind2=" ">
         <marc:subfield code="a">Batch:350 annotated on 2013-09-05T08:08:52Z</marc:subfield>
      </marc:datafield>
      <marc:datafield tag="962" ind1=" " ind2=" ">
         <marc:subfield code="a">Batch:350 reviewed on 2013-10-21T16:00:04Z</marc:subfield>
      </marc:datafield>
      <marc:datafield tag="974" ind1=" " ind2=" ">
         <marc:subfield code="a">agid:525822</marc:subfield>
      </marc:datafield>
   </marc:record>