
   <marc:record>
      <marc:leader>03939nab a2200613 u 4500</marc:leader>
      <marc:controlfield tag="001">9916152954407426</marc:controlfield>
      <marc:controlfield tag="005">20221120105031.0</marc:controlfield>
      <marc:controlfield tag="008">140211s2013 xx |||||o|||||||||||eng||</marc:controlfield>
      <marc:datafield tag="016" ind1="7" ind2=" ">
         <marc:subfield code="a">IND500728537</marc:subfield>
         <marc:subfield code="2">DNAL</marc:subfield>
      </marc:datafield>
      <marc:datafield tag="024" ind1="7" ind2=" ">
         <marc:subfield code="a">10.1071/BT13214</marc:subfield>
         <marc:subfield code="2">doi</marc:subfield>
      </marc:datafield>
      <marc:datafield tag="035" ind1=" " ind2=" ">
         <marc:subfield code="a">agid:621442-01nal_inst</marc:subfield>
      </marc:datafield>
      <marc:datafield tag="040" ind1=" " ind2=" ">
         <marc:subfield code="a">AGL</marc:subfield>
         <marc:subfield code="b">eng</marc:subfield>
         <marc:subfield code="c">AGL</marc:subfield>
      </marc:datafield>
      <marc:datafield tag="100" ind1="1" ind2=" ">
         <marc:subfield code="a">Souto, Cintia P.</marc:subfield>
         <marc:subfield code="u">Laboratorio Ecotono, Universidad Nacional del Comahue, Quintral 1250,
        Bariloche 8400, Argentina.</marc:subfield>
      </marc:datafield>
      <marc:datafield tag="245" ind1="1" ind2="0">
         <marc:subfield code="a">Correlated morphological and genetic patterns in Embothrium coccineum
        (Proteaceae) across climate and geography: can Embothrium survive patagonian climate
        change?</marc:subfield>
      </marc:datafield>
      <marc:datafield tag="300" ind1=" " ind2=" ">
         <marc:subfield code="a">p. 516-527.</marc:subfield>
      </marc:datafield>
      <marc:datafield tag="520" ind1=" " ind2=" ">
         <marc:subfield code="a">Adaptive radiation and reproductive isolation can determine the
        biogeographic structure of any species. We examine patterns of biotic variation in
        Embothrium coccineum, a Proteaceae tree that spans 20° of latitude and is both
        morphologically and genetically highly variable. We aim to (1) explore the correspondence
        between these biotic patterns and current geographic and climatic gradients, and (2)
        determine whether and how those patterns are likely to respond to changing climate. We
        conducted separate principal component analyses on biotic and abiotic sets of variables for
        34 populations of Embothrium coccineum, accounting for a large fraction of the total
        variation in each. We then used canonical correlation analyses to optimise the match of
        those gradients onto each other. Smaller, rounder leaves and particular alleles typify the
        colder and drier parts of the range, whereas larger, lanceolate leaves and other alleles
        typify warmer and moister areas. Finally, we mapped biotic profiles onto a predicted
        climatic landscape, on the basis of doubling of CO2 projections. The climatic regime is
        predicted to shift geographically, but this lineage has successfully responded to repeated
        and dramatic climatic shifts since the Oligocene, and it should also be able to move and
        adapt quickly enough to meet the present challenge. More generally, our analytic approach
        can be extended to analysis of biotic and abiotic patterns in other species facing climatic
        challenges. Where there is enough biogeographic variation to provide adaptively relevant
        substrate, and where propagule dispersal is sufficiently extensive to keep up with the pace
        of spatial climatic shift, such taxa should be able to cope with shifting
        climate.</marc:subfield>
      </marc:datafield>
      <marc:datafield tag="592" ind1=" " ind2=" ">
         <marc:subfield code="a">Publisher supplied data</marc:subfield>
      </marc:datafield>
      <marc:datafield tag="593" ind1=" " ind2=" ">
         <marc:subfield code="a">PubAg article</marc:subfield>
      </marc:datafield>
      <marc:datafield tag="650" ind1=" " ind2="3">
         <marc:subfield code="a">Embothrium coccineum</marc:subfield>
      </marc:datafield>
      <marc:datafield tag="650" ind1=" " ind2="3">
         <marc:subfield code="a">adaptive radiation</marc:subfield>
      </marc:datafield>
      <marc:datafield tag="650" ind1=" " ind2="3">
         <marc:subfield code="a">alleles</marc:subfield>
      </marc:datafield>
      <marc:datafield tag="650" ind1=" " ind2="3">
         <marc:subfield code="a">carbon dioxide</marc:subfield>
      </marc:datafield>
      <marc:datafield tag="650" ind1=" " ind2="3">
         <marc:subfield code="a">climate</marc:subfield>
      </marc:datafield>
      <marc:datafield tag="650" ind1=" " ind2="3">
         <marc:subfield code="a">climate change</marc:subfield>
      </marc:datafield>
      <marc:datafield tag="650" ind1=" " ind2="3">
         <marc:subfield code="a">latitude</marc:subfield>
      </marc:datafield>
      <marc:datafield tag="650" ind1=" " ind2="3">
         <marc:subfield code="a">leaves</marc:subfield>
      </marc:datafield>
      <marc:datafield tag="650" ind1=" " ind2="3">
         <marc:subfield code="a">reproductive isolation</marc:subfield>
      </marc:datafield>
      <marc:datafield tag="650" ind1=" " ind2="3">
         <marc:subfield code="a">trees</marc:subfield>
      </marc:datafield>
      <marc:datafield tag="653" ind1=" " ind2="0">
         <marc:subfield code="a">climatic gradients</marc:subfield>
      </marc:datafield>
      <marc:datafield tag="653" ind1=" " ind2="0">
         <marc:subfield code="a">genetic variation</marc:subfield>
      </marc:datafield>
      <marc:datafield tag="653" ind1=" " ind2="0">
         <marc:subfield code="a">geographic metrics</marc:subfield>
      </marc:datafield>
      <marc:datafield tag="653" ind1=" " ind2="0">
         <marc:subfield code="a">multivariate analysis</marc:subfield>
      </marc:datafield>
      <marc:datafield tag="653" ind1=" " ind2="0">
         <marc:subfield code="a">phenotypic patterns</marc:subfield>
      </marc:datafield>
      <marc:datafield tag="700" ind1="1" ind2=" ">
         <marc:subfield code="a">Smouse, Peter E.</marc:subfield>
         <marc:subfield code="u">Department of Ecology, Evolution and Natural Resources, Rutgers University,
        New Brunswick, NJ 08901, USA.</marc:subfield>
      </marc:datafield>
      <marc:datafield tag="773" ind1="0" ind2=" ">
         <marc:subfield code="t">Australian journal of botany.</marc:subfield>
         <marc:subfield code="g">2013, v. 61, no. 7 p.516-527</marc:subfield>
         <marc:subfield code="d">CSIRO Publishing</marc:subfield>
         <marc:subfield code="x">0067-1924</marc:subfield>
         <marc:subfield code="7">nnas</marc:subfield>
      </marc:datafield>
      <marc:datafield tag="787" ind1="1" ind2=" ">
         <marc:subfield code="o">islandora_article_repository</marc:subfield>
      </marc:datafield>
      <marc:datafield tag="787" ind1="1" ind2=" ">
         <marc:subfield code="o">product_pubag</marc:subfield>
      </marc:datafield>
      <marc:datafield tag="787" ind1="1" ind2=" ">
         <marc:subfield code="o">(Journal)jnl44712</marc:subfield>
      </marc:datafield>
      <marc:datafield tag="856" ind1="4" ind2="0">
         <marc:subfield code="u">http://dx.doi.org/10.1071/BT13214</marc:subfield>
      </marc:datafield>
      <marc:datafield tag="912" ind1=" " ind2=" ">
         <marc:subfield code="a">Article</marc:subfield>
      </marc:datafield>
      <marc:datafield tag="914" ind1=" " ind2=" ">
         <marc:subfield code="a">Journal:jnl44712</marc:subfield>
         <marc:subfield code="b">0067-1924</marc:subfield>
         <marc:subfield code="c">61</marc:subfield>
         <marc:subfield code="d">7</marc:subfield>
         <marc:subfield code="e">516</marc:subfield>
      </marc:datafield>
      <marc:datafield tag="914" ind1=" " ind2=" ">
         <marc:subfield code="f">Australian journal of botany</marc:subfield>
      </marc:datafield>
      <marc:datafield tag="917" ind1=" " ind2=" ">
         <marc:subfield code="a">issued</marc:subfield>
      </marc:datafield>
      <marc:datafield tag="918" ind1="2" ind2=" ">
         <marc:subfield code="a">Commonwealth Scientific and Industrial Research Organisation
        (CSIRO)</marc:subfield>
         <marc:subfield code="e">provider</marc:subfield>
         <marc:subfield code="5">DNAL</marc:subfield>
      </marc:datafield>
      <marc:datafield tag="935" ind1=" " ind2=" ">
         <marc:subfield code="a">IND500728537</marc:subfield>
         <marc:subfield code="9">ExL</marc:subfield>
      </marc:datafield>
      <marc:datafield tag="949" ind1=" " ind2=" ">
         <marc:subfield code="a">2014-06-27</marc:subfield>
      </marc:datafield>
      <marc:datafield tag="951" ind1=" " ind2=" ">
         <marc:subfield code="a">2014-02-11</marc:subfield>
      </marc:datafield>
      <marc:datafield tag="953" ind1=" " ind2=" ">
         <marc:subfield code="a">BT_61_7.ZIP</marc:subfield>
      </marc:datafield>
      <marc:datafield tag="962" ind1=" " ind2=" ">
         <marc:subfield code="a">Batch:574 annotated on 2014-06-10T15:15:01Z</marc:subfield>
      </marc:datafield>
      <marc:datafield tag="962" ind1=" " ind2=" ">
         <marc:subfield code="a">Batch:574 reviewed on 2014-06-27T11:00:02Z</marc:subfield>
      </marc:datafield>
      <marc:datafield tag="962" ind1=" " ind2=" ">
         <marc:subfield code="a">Batch:574 reviewed on 2014-06-27T16:00:02Z</marc:subfield>
      </marc:datafield>
      <marc:datafield tag="974" ind1=" " ind2=" ">
         <marc:subfield code="a">agid:621442</marc:subfield>
      </marc:datafield>
      <marc:datafield tag="983" ind1=" " ind2=" ">
         <marc:subfield code="a">2014-02-11</marc:subfield>
      </marc:datafield>
      <marc:datafield tag="984" ind1=" " ind2=" ">
         <marc:subfield code="a">2014-02-11</marc:subfield>
      </marc:datafield>
   </marc:record>