
   <marc:record>
      <marc:leader>05067nab a2200733 u 4500</marc:leader>
      <marc:controlfield tag="001">9916153092707426</marc:controlfield>
      <marc:controlfield tag="005">20221121075844.0</marc:controlfield>
      <marc:controlfield tag="008">190415e201411 xx |||||o|||||||||||eng||</marc:controlfield>
      <marc:datafield tag="016" ind1="7" ind2=" ">
         <marc:subfield code="a">IND605380479</marc:subfield>
         <marc:subfield code="2">DNAL</marc:subfield>
      </marc:datafield>
      <marc:datafield tag="024" ind1="7" ind2=" ">
         <marc:subfield code="a">10.1016/j.ecoinf.2014.06.007</marc:subfield>
         <marc:subfield code="2">doi</marc:subfield>
      </marc:datafield>
      <marc:datafield tag="035" ind1=" " ind2=" ">
         <marc:subfield code="a">agid:5380479-01nal_inst</marc:subfield>
      </marc:datafield>
      <marc:datafield tag="040" ind1=" " ind2=" ">
         <marc:subfield code="a">AGL</marc:subfield>
         <marc:subfield code="b">eng</marc:subfield>
         <marc:subfield code="c">AGL</marc:subfield>
      </marc:datafield>
      <marc:datafield tag="100" ind1="1" ind2=" ">
         <marc:subfield code="a">Chen, Lifan</marc:subfield>
         <marc:subfield code="e">author</marc:subfield>
         <marc:subfield code="u">College of Global Change and Earth System Science, Beijing Normal
        University, Beijing, 100875, China</marc:subfield>
      </marc:datafield>
      <marc:datafield tag="245" ind1="1" ind2="0">
         <marc:subfield code="a">Dynamic monitoring of wetland cover changes using time-series remote
        sensing imagery</marc:subfield>
      </marc:datafield>
      <marc:datafield tag="300" ind1=" " ind2=" ">
         <marc:subfield code="a">p. 17-26.</marc:subfield>
      </marc:datafield>
      <marc:datafield tag="520" ind1=" " ind2=" ">
         <marc:subfield code="a">Time-series remote sensing data, such as Moderate Resolution Imaging
        Spectroradiometer (MODIS) data hold considerable promise for investigating long-term
        dynamics of land use/cover change (LUCC), given their significant advantages of frequent
        temporal coverage and free cost. However, because of the complex ecological environment of
        wetlands, the applicability of these data for studying temporal dynamics of wetland-related
        land-cover types is limited. This is especially so for the Poyang Lake, China's largest
        freshwater lake, which has active seasonal and inter-annual dynamics. The primary objective
        of this study is to investigate the suitability of MODIS 250-m maximum value composite (MVC)
        vegetation indexes (VIs) for dynamics monitoring of the Poyang Lake. We applied a
        time-series 16-day MODIS NDVI from 2000 to 2012 and developed a method to classify wetland
        cover types based on timing of inundation. We combined techniques of applying iterative
        self-organizing data analysis (ISODATA) with varying numbers of clusters and a transformed
        divergence (TD) statistic, to implement annual classification of smoothed time-series NDVI.
        In addition, we propose a decision tree based on features derived from NDVI profiles, to
        characterize phenological differences among clusters. Supported by randomly generated
        validation samples from TM images and daily water level records, we obtained a satisfactory
        accuracy assessment report. Classification results showed various change patterns for four
        dominant land cover types. Water area showed a non-significant declining trend with average
        annual change rate 33.25km2, indicating a drier Poyang lake, and emergent vegetation area
        had weak change over the past 13years. Areas of submerged vegetation and mudflat expanded,
        with significant average annual change rate 23.51km2 for the former. The results suggest
        that MODIS' 250-m spatial resolution is appropriate and the classification method based on
        timing of inundation is useful for mapping general land cover patterns of Poyang
        Lake.</marc:subfield>
      </marc:datafield>
      <marc:datafield tag="592" ind1=" " ind2=" ">
         <marc:subfield code="a">Publisher supplied data</marc:subfield>
      </marc:datafield>
      <marc:datafield tag="593" ind1=" " ind2=" ">
         <marc:subfield code="a">PubAg article</marc:subfield>
      </marc:datafield>
      <marc:datafield tag="650" ind1=" " ind2="3">
         <marc:subfield code="a">decision support systems</marc:subfield>
      </marc:datafield>
      <marc:datafield tag="650" ind1=" " ind2="3">
         <marc:subfield code="a">freshwater</marc:subfield>
      </marc:datafield>
      <marc:datafield tag="650" ind1=" " ind2="3">
         <marc:subfield code="a">lakes</marc:subfield>
      </marc:datafield>
      <marc:datafield tag="650" ind1=" " ind2="3">
         <marc:subfield code="a">land cover</marc:subfield>
      </marc:datafield>
      <marc:datafield tag="650" ind1=" " ind2="3">
         <marc:subfield code="a">land use</marc:subfield>
      </marc:datafield>
      <marc:datafield tag="650" ind1=" " ind2="3">
         <marc:subfield code="a">moderate resolution imaging spectroradiometer</marc:subfield>
      </marc:datafield>
      <marc:datafield tag="650" ind1=" " ind2="3">
         <marc:subfield code="a">monitoring</marc:subfield>
      </marc:datafield>
      <marc:datafield tag="650" ind1=" " ind2="3">
         <marc:subfield code="a">normalized difference vegetation index</marc:subfield>
      </marc:datafield>
      <marc:datafield tag="650" ind1=" " ind2="3">
         <marc:subfield code="a">phenology</marc:subfield>
      </marc:datafield>
      <marc:datafield tag="650" ind1=" " ind2="3">
         <marc:subfield code="a">remote sensing</marc:subfield>
      </marc:datafield>
      <marc:datafield tag="650" ind1=" " ind2="3">
         <marc:subfield code="a">spatial data</marc:subfield>
      </marc:datafield>
      <marc:datafield tag="650" ind1=" " ind2="3">
         <marc:subfield code="a">temporal variation</marc:subfield>
      </marc:datafield>
      <marc:datafield tag="650" ind1=" " ind2="3">
         <marc:subfield code="a">time series analysis</marc:subfield>
      </marc:datafield>
      <marc:datafield tag="650" ind1=" " ind2="3">
         <marc:subfield code="a">vegetation types</marc:subfield>
      </marc:datafield>
      <marc:datafield tag="650" ind1=" " ind2="3">
         <marc:subfield code="a">wetlands</marc:subfield>
      </marc:datafield>
      <marc:datafield tag="651" ind1=" " ind2="3">
         <marc:subfield code="a">China</marc:subfield>
      </marc:datafield>
      <marc:datafield tag="653" ind1=" " ind2="0">
         <marc:subfield code="a">Time-series NDVI</marc:subfield>
      </marc:datafield>
      <marc:datafield tag="653" ind1=" " ind2="0">
         <marc:subfield code="a">Unsupervised classification</marc:subfield>
      </marc:datafield>
      <marc:datafield tag="653" ind1=" " ind2="0">
         <marc:subfield code="a">Decision tree</marc:subfield>
      </marc:datafield>
      <marc:datafield tag="653" ind1=" " ind2="0">
         <marc:subfield code="a">Wetland cover changes</marc:subfield>
      </marc:datafield>
      <marc:datafield tag="653" ind1=" " ind2="0">
         <marc:subfield code="a">Timing of inundation</marc:subfield>
      </marc:datafield>
      <marc:datafield tag="700" ind1="1" ind2=" ">
         <marc:subfield code="a">Jin, Zhenyu</marc:subfield>
         <marc:subfield code="e">author</marc:subfield>
         <marc:subfield code="u">College of Global Change and Earth System Science, Beijing Normal
        University, Beijing, 100875, China</marc:subfield>
      </marc:datafield>
      <marc:datafield tag="700" ind1="1" ind2=" ">
         <marc:subfield code="a">Michishita, Ryo</marc:subfield>
         <marc:subfield code="e">author</marc:subfield>
         <marc:subfield code="u">College of Global Change and Earth System Science, Beijing Normal
        University, Beijing, 100875, China</marc:subfield>
      </marc:datafield>
      <marc:datafield tag="700" ind1="1" ind2=" ">
         <marc:subfield code="a">Cai, Jun</marc:subfield>
         <marc:subfield code="e">author</marc:subfield>
         <marc:subfield code="u">Center for Earth System Science, Tsinghua University, Beijing, 100084,
        China</marc:subfield>
      </marc:datafield>
      <marc:datafield tag="700" ind1="1" ind2=" ">
         <marc:subfield code="a">Yue, Tianxiang</marc:subfield>
         <marc:subfield code="e">author</marc:subfield>
         <marc:subfield code="u">Institute of Geographic Science and Natural Resources Research, Chinese
        Academy of Sciences, Beijing, 100101, China</marc:subfield>
      </marc:datafield>
      <marc:datafield tag="700" ind1="1" ind2=" ">
         <marc:subfield code="a">Chen, Bin</marc:subfield>
         <marc:subfield code="e">author</marc:subfield>
         <marc:subfield code="u">School of Environment, Beijing Normal University, Beijing
        100875,China</marc:subfield>
      </marc:datafield>
      <marc:datafield tag="700" ind1="1" ind2=" ">
         <marc:subfield code="a">Xu, Bing</marc:subfield>
         <marc:subfield code="e">author</marc:subfield>
         <marc:subfield code="u">College of Global Change and Earth System Science, Beijing Normal
        University, Beijing, 100875, China</marc:subfield>
      </marc:datafield>
      <marc:datafield tag="773" ind1="0" ind2=" ">
         <marc:subfield code="t">Ecological informatics.</marc:subfield>
         <marc:subfield code="g">2014 Nov., v. 24 p.17-26</marc:subfield>
         <marc:subfield code="d">Elsevier B.V.</marc:subfield>
         <marc:subfield code="w">Journal:2190</marc:subfield>
         <marc:subfield code="x">1574-9541</marc:subfield>
         <marc:subfield code="7">nnas</marc:subfield>
      </marc:datafield>
      <marc:datafield tag="787" ind1="1" ind2=" ">
         <marc:subfield code="o">islandora_article_repository</marc:subfield>
      </marc:datafield>
      <marc:datafield tag="787" ind1="1" ind2=" ">
         <marc:subfield code="o">product_pubag</marc:subfield>
      </marc:datafield>
      <marc:datafield tag="787" ind1="1" ind2=" ">
         <marc:subfield code="o">(Journal)2190</marc:subfield>
      </marc:datafield>
      <marc:datafield tag="856" ind1="4" ind2="0">
         <marc:subfield code="u">https://dx.doi.org/10.1016/j.ecoinf.2014.06.007</marc:subfield>
         <marc:subfield code="3">Available from publisher's site</marc:subfield>
      </marc:datafield>
      <marc:datafield tag="912" ind1=" " ind2=" ">
         <marc:subfield code="a">Article</marc:subfield>
      </marc:datafield>
      <marc:datafield tag="914" ind1=" " ind2=" ">
         <marc:subfield code="a">Journal:2190</marc:subfield>
         <marc:subfield code="b">1574-9541</marc:subfield>
         <marc:subfield code="c">24</marc:subfield>
         <marc:subfield code="e">17</marc:subfield>
      </marc:datafield>
      <marc:datafield tag="914" ind1=" " ind2=" ">
         <marc:subfield code="f">Ecological informatics</marc:subfield>
      </marc:datafield>
      <marc:datafield tag="916" ind1=" " ind2=" ">
         <marc:subfield code="a">Batch:1517</marc:subfield>
      </marc:datafield>
      <marc:datafield tag="917" ind1=" " ind2=" ">
         <marc:subfield code="a">issued</marc:subfield>
      </marc:datafield>
      <marc:datafield tag="918" ind1="2" ind2=" ">
         <marc:subfield code="a">Elsevier Consyn</marc:subfield>
         <marc:subfield code="e">provider</marc:subfield>
         <marc:subfield code="5">DNAL</marc:subfield>
      </marc:datafield>
      <marc:datafield tag="935" ind1=" " ind2=" ">
         <marc:subfield code="a">IND605380479</marc:subfield>
         <marc:subfield code="9">ExL</marc:subfield>
      </marc:datafield>
      <marc:datafield tag="949" ind1=" " ind2=" ">
         <marc:subfield code="a">2019-04-15</marc:subfield>
      </marc:datafield>
      <marc:datafield tag="953" ind1=" " ind2=" ">
         <marc:subfield code="a">/data/metadata/incoming/consyn-backfiles/46-2-00104-HEAD-ONLY.zip</marc:subfield>
      </marc:datafield>
      <marc:datafield tag="954" ind1=" " ind2=" ">
         <marc:subfield code="a">file:/data/metadata/staging/consyn-backfiles/S157495411400079X.xml</marc:subfield>
      </marc:datafield>
      <marc:datafield tag="955" ind1=" " ind2=" ">
         <marc:subfield code="a">/data/metadata/staging/consyn-backfiles/</marc:subfield>
      </marc:datafield>
      <marc:datafield tag="974" ind1=" " ind2=" ">
         <marc:subfield code="a">agid:5380479</marc:subfield>
      </marc:datafield>
      <marc:datafield tag="983" ind1=" " ind2=" ">
         <marc:subfield code="a">2019-04-15</marc:subfield>
      </marc:datafield>
      <marc:datafield tag="984" ind1=" " ind2=" ">
         <marc:subfield code="a">2019-04-15</marc:subfield>
      </marc:datafield>
   </marc:record>