
   <marc:record>
      <marc:leader>05360nab a2200721 u 4500</marc:leader>
      <marc:controlfield tag="001">9916153174907426</marc:controlfield>
      <marc:controlfield tag="005">20221122025449.0</marc:controlfield>
      <marc:controlfield tag="008">190402e201903 xx |||||o|||||||||||eng||</marc:controlfield>
      <marc:datafield tag="016" ind1="7" ind2=" ">
         <marc:subfield code="a">IND606284989</marc:subfield>
         <marc:subfield code="2">DNAL</marc:subfield>
      </marc:datafield>
      <marc:datafield tag="024" ind1="7" ind2=" ">
         <marc:subfield code="a">10.1016/j.agsy.2018.12.010</marc:subfield>
         <marc:subfield code="2">doi</marc:subfield>
      </marc:datafield>
      <marc:datafield tag="035" ind1=" " ind2=" ">
         <marc:subfield code="a">agid:6284989-01nal_inst</marc:subfield>
      </marc:datafield>
      <marc:datafield tag="040" ind1=" " ind2=" ">
         <marc:subfield code="a">AGL</marc:subfield>
         <marc:subfield code="b">eng</marc:subfield>
         <marc:subfield code="c">AGL</marc:subfield>
      </marc:datafield>
      <marc:datafield tag="100" ind1="1" ind2=" ">
         <marc:subfield code="a">Wang, Zikui</marc:subfield>
         <marc:subfield code="e">author</marc:subfield>
         <marc:subfield code="u">State Key Laboratory of Grassland Agro-ecosystems, Key Laboratory of
        Grassland Livestock Industry Innovation, Ministry of Agriculture and Rural Affairs, College
        of Pastoral Agriculture Science and Technology, Lanzhou University, Lanzhou 730020,
        China</marc:subfield>
      </marc:datafield>
      <marc:datafield tag="245" ind1="1" ind2="0">
         <marc:subfield code="a">Modeling light availability for crop strips planted within apple
        orchard</marc:subfield>
      </marc:datafield>
      <marc:datafield tag="300" ind1=" " ind2=" ">
         <marc:subfield code="a">p. 28-38.</marc:subfield>
      </marc:datafield>
      <marc:datafield tag="520" ind1=" " ind2=" ">
         <marc:subfield code="a">Rational design and management of the crop strips structure within fruit
        orchards are essential to make use of the economic and ecological advantages of
        intercropping but avoid the negative effects of resource competition on the fruit
        production. A better understanding of the light transmission processes could provide basis
        for quantifying resource competition and growth dynamics in the agroforestry system.
        Modeling work was combined with field experiment in this study to investigate light
        transmission in an apple tree (Malus pumila M.) and cocksfoot (Dactylis glomerata L.)
        intercropping system. The experiment was conducted in 2016 and 2017 in a plantation of apple
        at a spacing of 4 m × 4 m on the Loess Plateau of China. Three floor managing patterns were
        applied: clean tillage (CT), 2.4-meter-wide cocksfoot strips set up between tree rows that
        harvested more frequently to maintain a low coverage (LC), and cocksfoot strips with a
        greater coverage (GC). The light model simulates light transmission in the tree crown with a
        geometrical model that considering the canopy spatial heterogeneity, and describes light
        extinction in the crop strips with a strip-path radiation transmission model which is
        suitable for strip-path canopy structures. Results showed that the model well predicted
        fraction of incident light over and transmitted through the cocksfoot strips with
        determination coefficient of 0.707 and 0.892 respectively and root mean square error of
        0.096 and 0.037. Averaged over the two seasons, light interception by cocksfoot were 439.1
        and 504.7 MJ m−2 in LC and GC respectively, accounted for 23.1% and 26.5% of the total
        incoming light. Light use efficiency of cocksfoot in LC was far greater than that in the GC
        in both seasons. Planting cocksfoot showed no significant adverse effects on apple
        production, 6.32 and 5.67 t ha−1 additional dry forage were produced in the LC and GC plots
        respectively in 2016, the production were only 3.02 and 2.07 t ha−1 in 2017 as limited by
        water availability. Simulations with information on apple tree orchards of different age
        showed that seasonal mean fraction of light interception by cocksfoot under 3–10 years old
        apple trees varied from 0.41 to 0.29 for GC and from 0.36 to 0.25 for LC treatments, but the
        fraction became &lt;0.15 for 15 years and older orchards. This study provides basics for
        quantifying light and other resource competition in tree and crop intercropping systems and
        gives insights into floor management for rain-fed apple orchards on the Loess Plateau area
        of China.</marc:subfield>
      </marc:datafield>
      <marc:datafield tag="592" ind1=" " ind2=" ">
         <marc:subfield code="a">Publisher supplied data</marc:subfield>
      </marc:datafield>
      <marc:datafield tag="593" ind1=" " ind2=" ">
         <marc:subfield code="a">PubAg article</marc:subfield>
      </marc:datafield>
      <marc:datafield tag="650" ind1=" " ind2="3">
         <marc:subfield code="a">Dactylis glomerata</marc:subfield>
      </marc:datafield>
      <marc:datafield tag="650" ind1=" " ind2="3">
         <marc:subfield code="a">Malus pumila</marc:subfield>
      </marc:datafield>
      <marc:datafield tag="650" ind1=" " ind2="3">
         <marc:subfield code="a">adverse effects</marc:subfield>
      </marc:datafield>
      <marc:datafield tag="650" ind1=" " ind2="3">
         <marc:subfield code="a">apples</marc:subfield>
      </marc:datafield>
      <marc:datafield tag="650" ind1=" " ind2="3">
         <marc:subfield code="a">canopy</marc:subfield>
      </marc:datafield>
      <marc:datafield tag="650" ind1=" " ind2="3">
         <marc:subfield code="a">conventional tillage</marc:subfield>
      </marc:datafield>
      <marc:datafield tag="650" ind1=" " ind2="3">
         <marc:subfield code="a">crop production</marc:subfield>
      </marc:datafield>
      <marc:datafield tag="650" ind1=" " ind2="3">
         <marc:subfield code="a">field experimentation</marc:subfield>
      </marc:datafield>
      <marc:datafield tag="650" ind1=" " ind2="3">
         <marc:subfield code="a">forage</marc:subfield>
      </marc:datafield>
      <marc:datafield tag="650" ind1=" " ind2="3">
         <marc:subfield code="a">fruits</marc:subfield>
      </marc:datafield>
      <marc:datafield tag="650" ind1=" " ind2="3">
         <marc:subfield code="a">intercropping</marc:subfield>
      </marc:datafield>
      <marc:datafield tag="650" ind1=" " ind2="3">
         <marc:subfield code="a">light transmission</marc:subfield>
      </marc:datafield>
      <marc:datafield tag="650" ind1=" " ind2="3">
         <marc:subfield code="a">models</marc:subfield>
      </marc:datafield>
      <marc:datafield tag="650" ind1=" " ind2="3">
         <marc:subfield code="a">orchards</marc:subfield>
      </marc:datafield>
      <marc:datafield tag="650" ind1=" " ind2="3">
         <marc:subfield code="a">radiation use efficiency</marc:subfield>
      </marc:datafield>
      <marc:datafield tag="650" ind1=" " ind2="3">
         <marc:subfield code="a">spatial variation</marc:subfield>
      </marc:datafield>
      <marc:datafield tag="650" ind1=" " ind2="3">
         <marc:subfield code="a">tree crown</marc:subfield>
      </marc:datafield>
      <marc:datafield tag="650" ind1=" " ind2="3">
         <marc:subfield code="a">trees</marc:subfield>
      </marc:datafield>
      <marc:datafield tag="651" ind1=" " ind2="3">
         <marc:subfield code="a">China</marc:subfield>
      </marc:datafield>
      <marc:datafield tag="653" ind1=" " ind2="0">
         <marc:subfield code="a">Light use</marc:subfield>
      </marc:datafield>
      <marc:datafield tag="653" ind1=" " ind2="0">
         <marc:subfield code="a">Agroforestry</marc:subfield>
      </marc:datafield>
      <marc:datafield tag="653" ind1=" " ind2="0">
         <marc:subfield code="a">Apple orchard</marc:subfield>
      </marc:datafield>
      <marc:datafield tag="653" ind1=" " ind2="0">
         <marc:subfield code="a">Cocksfoot</marc:subfield>
      </marc:datafield>
      <marc:datafield tag="653" ind1=" " ind2="0">
         <marc:subfield code="a">Modeling</marc:subfield>
      </marc:datafield>
      <marc:datafield tag="700" ind1="1" ind2=" ">
         <marc:subfield code="a">Cao, Quan</marc:subfield>
         <marc:subfield code="e">author</marc:subfield>
         <marc:subfield code="u">State Key Laboratory of Grassland Agro-ecosystems, Key Laboratory of
        Grassland Livestock Industry Innovation, Ministry of Agriculture and Rural Affairs, College
        of Pastoral Agriculture Science and Technology, Lanzhou University, Lanzhou 730020,
        China</marc:subfield>
      </marc:datafield>
      <marc:datafield tag="700" ind1="1" ind2=" ">
         <marc:subfield code="a">Shen, Yuying</marc:subfield>
         <marc:subfield code="e">author</marc:subfield>
      </marc:datafield>
      <marc:datafield tag="773" ind1="0" ind2=" ">
         <marc:subfield code="t">Agricultural systems.</marc:subfield>
         <marc:subfield code="g">2019 Mar., v. 170 p.28-38</marc:subfield>
         <marc:subfield code="d">Elsevier Ltd</marc:subfield>
         <marc:subfield code="w">Journal:jnl7186</marc:subfield>
         <marc:subfield code="x">0308-521X</marc:subfield>
         <marc:subfield code="7">nnas</marc:subfield>
      </marc:datafield>
      <marc:datafield tag="787" ind1="1" ind2=" ">
         <marc:subfield code="o">islandora_article_repository</marc:subfield>
      </marc:datafield>
      <marc:datafield tag="787" ind1="1" ind2=" ">
         <marc:subfield code="o">product_pubag</marc:subfield>
      </marc:datafield>
      <marc:datafield tag="787" ind1="1" ind2=" ">
         <marc:subfield code="o">(Journal)jnl7186</marc:subfield>
      </marc:datafield>
      <marc:datafield tag="856" ind1="4" ind2="0">
         <marc:subfield code="u">http://dx.doi.org/10.1016/j.agsy.2018.12.010</marc:subfield>
         <marc:subfield code="3">Available from publisher's site</marc:subfield>
      </marc:datafield>
      <marc:datafield tag="912" ind1=" " ind2=" ">
         <marc:subfield code="a">Article</marc:subfield>
      </marc:datafield>
      <marc:datafield tag="914" ind1=" " ind2=" ">
         <marc:subfield code="a">Journal:jnl7186</marc:subfield>
         <marc:subfield code="b">0308-521X</marc:subfield>
         <marc:subfield code="c">170</marc:subfield>
         <marc:subfield code="e">28</marc:subfield>
      </marc:datafield>
      <marc:datafield tag="914" ind1=" " ind2=" ">
         <marc:subfield code="f">Agricultural systems</marc:subfield>
      </marc:datafield>
      <marc:datafield tag="916" ind1=" " ind2=" ">
         <marc:subfield code="a">Batch:2157</marc:subfield>
      </marc:datafield>
      <marc:datafield tag="917" ind1=" " ind2=" ">
         <marc:subfield code="a">issued</marc:subfield>
      </marc:datafield>
      <marc:datafield tag="918" ind1="2" ind2=" ">
         <marc:subfield code="a">Elsevier Consyn</marc:subfield>
         <marc:subfield code="e">provider</marc:subfield>
         <marc:subfield code="5">DNAL</marc:subfield>
      </marc:datafield>
      <marc:datafield tag="935" ind1=" " ind2=" ">
         <marc:subfield code="a">IND606284989</marc:subfield>
         <marc:subfield code="9">ExL</marc:subfield>
      </marc:datafield>
      <marc:datafield tag="949" ind1=" " ind2=" ">
         <marc:subfield code="a">2019-04-02</marc:subfield>
      </marc:datafield>
      <marc:datafield tag="953" ind1=" " ind2=" ">
         <marc:subfield code="a">/data/metadata/incoming/consyn-backfiles/46-2-00056-HEAD-ONLY.zip</marc:subfield>
      </marc:datafield>
      <marc:datafield tag="954" ind1=" " ind2=" ">
         <marc:subfield code="a">file:/data/metadata/staging/consyn-backfiles/S0308521X18307170.xml</marc:subfield>
      </marc:datafield>
      <marc:datafield tag="955" ind1=" " ind2=" ">
         <marc:subfield code="a">/data/metadata/staging/consyn-backfiles/</marc:subfield>
      </marc:datafield>
      <marc:datafield tag="974" ind1=" " ind2=" ">
         <marc:subfield code="a">agid:6284989</marc:subfield>
      </marc:datafield>
      <marc:datafield tag="983" ind1=" " ind2=" ">
         <marc:subfield code="a">2019-04-02</marc:subfield>
      </marc:datafield>
      <marc:datafield tag="984" ind1=" " ind2=" ">
         <marc:subfield code="a">2019-05-04</marc:subfield>
      </marc:datafield>
   </marc:record>