
   <marc:record>
      <marc:leader>05616nab a2200829 u 4500</marc:leader>
      <marc:controlfield tag="001">9916154272607426</marc:controlfield>
      <marc:controlfield tag="005">20221123003258.0</marc:controlfield>
      <marc:controlfield tag="008">181129e201812 xx |||||o|||||||||||eng||</marc:controlfield>
      <marc:datafield tag="016" ind1="7" ind2=" ">
         <marc:subfield code="a">IND606239050</marc:subfield>
         <marc:subfield code="2">DNAL</marc:subfield>
      </marc:datafield>
      <marc:datafield tag="024" ind1="7" ind2=" ">
         <marc:subfield code="a">10.1111/jbi.13429</marc:subfield>
         <marc:subfield code="2">doi</marc:subfield>
      </marc:datafield>
      <marc:datafield tag="035" ind1=" " ind2=" ">
         <marc:subfield code="a">agid:6239050-01nal_inst</marc:subfield>
      </marc:datafield>
      <marc:datafield tag="040" ind1=" " ind2=" ">
         <marc:subfield code="a">AGL</marc:subfield>
         <marc:subfield code="b">eng</marc:subfield>
         <marc:subfield code="c">AGL</marc:subfield>
      </marc:datafield>
      <marc:datafield tag="100" ind1="1" ind2=" ">
         <marc:subfield code="a">Drag, Lukas</marc:subfield>
         <marc:subfield code="e">author</marc:subfield>
         <marc:subfield code="u">Faculty of Science, University of South Bohemia, Ceske Budejovice, Czech
        Republic</marc:subfield>
         <marc:subfield code="1">https://orcid.org/0000-0002-6002-9214</marc:subfield>
      </marc:datafield>
      <marc:datafield tag="245" ind1="1" ind2="0">
         <marc:subfield code="a">Phylogeography of the endangered saproxylic beetle Rosalia longicorn,
        Rosalia alpina (Coleoptera, Cerambycidae), corresponds with its main host, the European
        beech (Fagus sylvatica, Fagaceae)</marc:subfield>
      </marc:datafield>
      <marc:datafield tag="300" ind1=" " ind2=" ">
         <marc:subfield code="a">p. 2631-2644.</marc:subfield>
      </marc:datafield>
      <marc:datafield tag="500" ind1=" " ind2=" ">
         <marc:subfield code="a">JOURNAL ARTICLE</marc:subfield>
      </marc:datafield>
      <marc:datafield tag="520" ind1=" " ind2=" ">
         <marc:subfield code="a">AIM: The Rosalia longicorn (Rosalia alpina) is an internationally protected
        icon of biodiversity associated with old trees and dead wood. Although the beetle regularly
        exploits several marginal hosts, its preferred main host is European beech (Fagus sylvatica
        s.l.). Moreover, the geographical ranges of R. alpina and beech closely overlap. To assess
        whether their spatial association is mirrored in the genetic patterns of both species, we
        investigated the phylogeography of Rosalia alpina over its entire geographical range and
        compared it with the known genetic patterns of its hosts. LOCATION: Europe and western Asia.
        METHODS: Using both mitochondrial (COI) and nuclear (14 microsatellite loci) markers, we
        analysed 148 (444, respectively) individuals from 31 (30, respectively) sites. We
        constructed a Bayesian Inference tree and a haplotype network, calculated the spatial
        analysis of molecular variance and assessed the population structure of our dataset using
        two Bayesian clustering methods (STRUCTURE and BAPS). RESULTS: Mitochondrial markers
        suggested existence of five clades in R. alpina populations. Two of them were endemic to the
        Italian mainland, one to Sicily, and another to southern Turkey. The remaining clade
        probably originated in the Balkans and colonized the rest of the species’ range. Nuclear
        markers supported this division. They also suggested two main recolonization routes from the
        Balkans; one heading north and then both west and east, the second expanding eastwards as
        far as the Caucasus. The observed genetic patterns were largely congruent with those of
        European beech. MAIN CONCLUSIONS: The results of both markers were mostly congruent,
        suggesting at least four potential refugia for R. alpina located in the southernmost parts
        of its geographical range. Its populations from a large part of Europe and western Asia,
        however, were genetically poor, dominated by a single haplotype. Phylogeographies of the
        beetle and its main host seem to be tightly matched, reflecting their common
        history.</marc:subfield>
      </marc:datafield>
      <marc:datafield tag="592" ind1=" " ind2=" ">
         <marc:subfield code="a">Publisher supplied data</marc:subfield>
      </marc:datafield>
      <marc:datafield tag="593" ind1=" " ind2=" ">
         <marc:subfield code="a">PubAg article</marc:subfield>
      </marc:datafield>
      <marc:datafield tag="596" ind1=" " ind2=" ">
         <marc:subfield code="a">17‐21082S</marc:subfield>
         <marc:subfield code="c">Czech Science Foundation</marc:subfield>
      </marc:datafield>
      <marc:datafield tag="596" ind1=" " ind2=" ">
         <marc:subfield code="a">04‐168/2013/P</marc:subfield>
         <marc:subfield code="c">University of South Bohemia</marc:subfield>
      </marc:datafield>
      <marc:datafield tag="596" ind1=" " ind2=" ">
         <marc:subfield code="a">CZ.1.07/2.3.00/20.0064</marc:subfield>
         <marc:subfield code="c">Project Biodiversity of Forest Ecosystems</marc:subfield>
      </marc:datafield>
      <marc:datafield tag="596" ind1=" " ind2=" ">
         <marc:subfield code="c">European Social Fund</marc:subfield>
      </marc:datafield>
      <marc:datafield tag="596" ind1=" " ind2=" ">
         <marc:subfield code="c">state budget of the Czech Republic</marc:subfield>
      </marc:datafield>
      <marc:datafield tag="650" ind1=" " ind2="3">
         <marc:subfield code="a">Bayesian theory</marc:subfield>
      </marc:datafield>
      <marc:datafield tag="650" ind1=" " ind2="3">
         <marc:subfield code="a">Fagus sylvatica subsp. sylvatica</marc:subfield>
      </marc:datafield>
      <marc:datafield tag="650" ind1=" " ind2="3">
         <marc:subfield code="a">Rosalia alpina</marc:subfield>
      </marc:datafield>
      <marc:datafield tag="650" ind1=" " ind2="3">
         <marc:subfield code="a">biodiversity</marc:subfield>
      </marc:datafield>
      <marc:datafield tag="650" ind1=" " ind2="3">
         <marc:subfield code="a">data collection</marc:subfield>
      </marc:datafield>
      <marc:datafield tag="650" ind1=" " ind2="3">
         <marc:subfield code="a">dead wood</marc:subfield>
      </marc:datafield>
      <marc:datafield tag="650" ind1=" " ind2="3">
         <marc:subfield code="a">endangered species</marc:subfield>
      </marc:datafield>
      <marc:datafield tag="650" ind1=" " ind2="3">
         <marc:subfield code="a">haplotypes</marc:subfield>
      </marc:datafield>
      <marc:datafield tag="650" ind1=" " ind2="3">
         <marc:subfield code="a">hosts</marc:subfield>
      </marc:datafield>
      <marc:datafield tag="650" ind1=" " ind2="3">
         <marc:subfield code="a">microsatellite repeats</marc:subfield>
      </marc:datafield>
      <marc:datafield tag="650" ind1=" " ind2="3">
         <marc:subfield code="a">mitochondria</marc:subfield>
      </marc:datafield>
      <marc:datafield tag="650" ind1=" " ind2="3">
         <marc:subfield code="a">phylogeography</marc:subfield>
      </marc:datafield>
      <marc:datafield tag="650" ind1=" " ind2="3">
         <marc:subfield code="a">population structure</marc:subfield>
      </marc:datafield>
      <marc:datafield tag="650" ind1=" " ind2="3">
         <marc:subfield code="a">refuge habitats</marc:subfield>
      </marc:datafield>
      <marc:datafield tag="650" ind1=" " ind2="3">
         <marc:subfield code="a">trees</marc:subfield>
      </marc:datafield>
      <marc:datafield tag="650" ind1=" " ind2="3">
         <marc:subfield code="a">variance</marc:subfield>
      </marc:datafield>
      <marc:datafield tag="651" ind1=" " ind2="3">
         <marc:subfield code="a">Balkans</marc:subfield>
      </marc:datafield>
      <marc:datafield tag="651" ind1=" " ind2="3">
         <marc:subfield code="a">Caucasus region</marc:subfield>
      </marc:datafield>
      <marc:datafield tag="651" ind1=" " ind2="3">
         <marc:subfield code="a">Italy</marc:subfield>
      </marc:datafield>
      <marc:datafield tag="651" ind1=" " ind2="3">
         <marc:subfield code="a">Sicily</marc:subfield>
      </marc:datafield>
      <marc:datafield tag="651" ind1=" " ind2="3">
         <marc:subfield code="a">Turkey (country)</marc:subfield>
      </marc:datafield>
      <marc:datafield tag="700" ind1="1" ind2=" ">
         <marc:subfield code="a">Hauck, David</marc:subfield>
         <marc:subfield code="e">author</marc:subfield>
         <marc:subfield code="u">Institute of Entomology, Biology Centre CAS, Ceske Budejovice, Czech
        Republic</marc:subfield>
      </marc:datafield>
      <marc:datafield tag="700" ind1="1" ind2=" ">
         <marc:subfield code="a">Rican, Oldrich</marc:subfield>
         <marc:subfield code="e">author</marc:subfield>
         <marc:subfield code="u">Faculty of Science, University of South Bohemia, Ceske Budejovice, Czech
        Republic</marc:subfield>
      </marc:datafield>
      <marc:datafield tag="700" ind1="1" ind2=" ">
         <marc:subfield code="a">Schmitt, Thomas</marc:subfield>
         <marc:subfield code="e">author</marc:subfield>
         <marc:subfield code="u">Department of Taxonomy and Biogeography, Senckenberg German Entomological
        Institute, Müncheberg, Germany</marc:subfield>
      </marc:datafield>
      <marc:datafield tag="700" ind1="1" ind2=" ">
         <marc:subfield code="a">Shovkoon, Dmitri F.</marc:subfield>
         <marc:subfield code="e">author</marc:subfield>
         <marc:subfield code="u">Institute of Steppe of the Ural branch of the Russian Academy of Sciences,
        Orenburg, Russian Federation</marc:subfield>
      </marc:datafield>
      <marc:datafield tag="700" ind1="1" ind2=" ">
         <marc:subfield code="a">Godunko, Roman J.</marc:subfield>
         <marc:subfield code="e">author</marc:subfield>
         <marc:subfield code="u">Institute of Entomology, Biology Centre CAS, Ceske Budejovice, Czech
        Republic</marc:subfield>
      </marc:datafield>
      <marc:datafield tag="700" ind1="1" ind2=" ">
         <marc:subfield code="a">Curletti, Gianfranco</marc:subfield>
         <marc:subfield code="e">author</marc:subfield>
         <marc:subfield code="u">Department of Entomology, Museo Civico di Storia Naturale, Carmagnola,
        Italy</marc:subfield>
      </marc:datafield>
      <marc:datafield tag="700" ind1="1" ind2=" ">
         <marc:subfield code="a">Cizek, Lukas</marc:subfield>
         <marc:subfield code="e">author</marc:subfield>
         <marc:subfield code="u">Faculty of Science, University of South Bohemia, Ceske Budejovice, Czech
        Republic</marc:subfield>
      </marc:datafield>
      <marc:datafield tag="773" ind1="0" ind2=" ">
         <marc:subfield code="t">Journal of biogeography.</marc:subfield>
         <marc:subfield code="g">2018 Dec., v. 45, no. 12 p.2631-2644</marc:subfield>
         <marc:subfield code="d">John Wiley &amp; Sons, Ltd</marc:subfield>
         <marc:subfield code="w">Journal:jnl9765</marc:subfield>
         <marc:subfield code="x">0305-0270</marc:subfield>
         <marc:subfield code="7">nnas</marc:subfield>
      </marc:datafield>
      <marc:datafield tag="787" ind1="1" ind2=" ">
         <marc:subfield code="o">islandora_article_repository</marc:subfield>
      </marc:datafield>
      <marc:datafield tag="787" ind1="1" ind2=" ">
         <marc:subfield code="o">product_pubag</marc:subfield>
      </marc:datafield>
      <marc:datafield tag="787" ind1="1" ind2=" ">
         <marc:subfield code="o">(Journal)jnl9765</marc:subfield>
      </marc:datafield>
      <marc:datafield tag="856" ind1="4" ind2="0">
         <marc:subfield code="u">http://dx.doi.org/10.1111/jbi.13429</marc:subfield>
         <marc:subfield code="3">Available from publisher's site</marc:subfield>
      </marc:datafield>
      <marc:datafield tag="912" ind1=" " ind2=" ">
         <marc:subfield code="a">Article</marc:subfield>
      </marc:datafield>
      <marc:datafield tag="914" ind1=" " ind2=" ">
         <marc:subfield code="a">Journal:jnl9765</marc:subfield>
         <marc:subfield code="b">0305-0270</marc:subfield>
         <marc:subfield code="c">45</marc:subfield>
         <marc:subfield code="d">12</marc:subfield>
         <marc:subfield code="e">2631</marc:subfield>
      </marc:datafield>
      <marc:datafield tag="914" ind1=" " ind2=" ">
         <marc:subfield code="f">Journal of biogeography</marc:subfield>
      </marc:datafield>
      <marc:datafield tag="916" ind1=" " ind2=" ">
         <marc:subfield code="a">Batch:2129</marc:subfield>
      </marc:datafield>
      <marc:datafield tag="917" ind1=" " ind2=" ">
         <marc:subfield code="a">issued</marc:subfield>
      </marc:datafield>
      <marc:datafield tag="918" ind1="2" ind2=" ">
         <marc:subfield code="a">John Wiley &amp; Sons, Inc</marc:subfield>
         <marc:subfield code="e">provider</marc:subfield>
         <marc:subfield code="5">DNAL</marc:subfield>
      </marc:datafield>
      <marc:datafield tag="935" ind1=" " ind2=" ">
         <marc:subfield code="a">IND606239050</marc:subfield>
         <marc:subfield code="9">ExL</marc:subfield>
      </marc:datafield>
      <marc:datafield tag="949" ind1=" " ind2=" ">
         <marc:subfield code="a">2019-02-22</marc:subfield>
      </marc:datafield>
      <marc:datafield tag="953" ind1=" " ind2=" ">
         <marc:subfield code="a">/data/metadata/incoming/wiley/03050270_2018_45_12.xml</marc:subfield>
      </marc:datafield>
      <marc:datafield tag="954" ind1=" " ind2=" ">
         <marc:subfield code="a">file:/data/metadata/staging/wiley/03050270_2018_45_12.xml</marc:subfield>
      </marc:datafield>
      <marc:datafield tag="955" ind1=" " ind2=" ">
         <marc:subfield code="a">/data/metadata/staging/wiley/</marc:subfield>
      </marc:datafield>
      <marc:datafield tag="962" ind1=" " ind2=" ">
         <marc:subfield code="a">Batch:2129 reviewed on 2019-02-22T08:00:03Z</marc:subfield>
      </marc:datafield>
      <marc:datafield tag="974" ind1=" " ind2=" ">
         <marc:subfield code="a">agid:6239050</marc:subfield>
      </marc:datafield>
      <marc:datafield tag="983" ind1=" " ind2=" ">
         <marc:subfield code="a">2018-11-29</marc:subfield>
      </marc:datafield>
      <marc:datafield tag="984" ind1=" " ind2=" ">
         <marc:subfield code="a">2019-02-22</marc:subfield>
      </marc:datafield>
   </marc:record>