
   <marc:record>
      <marc:leader>06815nab a2200757 u 4500</marc:leader>
      <marc:controlfield tag="001">9916154428407426</marc:controlfield>
      <marc:controlfield tag="005">20191218000000.0</marc:controlfield>
      <marc:controlfield tag="008">190830e20190901xx |||||o|||||||||||eng||</marc:controlfield>
      <marc:datafield tag="016" ind1="7" ind2=" ">
         <marc:subfield code="a">IND606618112</marc:subfield>
         <marc:subfield code="2">DNAL</marc:subfield>
      </marc:datafield>
      <marc:datafield tag="024" ind1="7" ind2=" ">
         <marc:subfield code="a">10.2478/eko-2019-0020</marc:subfield>
         <marc:subfield code="2">doi</marc:subfield>
      </marc:datafield>
      <marc:datafield tag="035" ind1=" " ind2=" ">
         <marc:subfield code="a">agid:6618112-01nal_inst</marc:subfield>
      </marc:datafield>
      <marc:datafield tag="040" ind1=" " ind2=" ">
         <marc:subfield code="a">AGL</marc:subfield>
         <marc:subfield code="b">eng</marc:subfield>
         <marc:subfield code="c">AGL</marc:subfield>
      </marc:datafield>
      <marc:datafield tag="100" ind1="1" ind2=" ">
         <marc:subfield code="a">Zhukov, Olexander</marc:subfield>
         <marc:subfield code="e">author</marc:subfield>
         <marc:subfield code="u">Department of Zoology and Ecology, Oles Honchar Dnipro National University,
        pr. Gagarina, 72, 49010 Dnipro, Ukraine</marc:subfield>
      </marc:datafield>
      <marc:datafield tag="245" ind1="1" ind2="4">
         <marc:subfield code="a">The effect of soil on spatial variation of the herbaceous layer modulated
        by overstorey in an Eastern European poplar-willow forest</marc:subfield>
      </marc:datafield>
      <marc:datafield tag="300" ind1=" " ind2=" ">
         <marc:subfield code="a">p. 253-272.</marc:subfield>
      </marc:datafield>
      <marc:datafield tag="520" ind1=" " ind2=" ">
         <marc:subfield code="a">The tree species composition can influence the dynamics of herbaceous
        species and enhance the spatial heterogeneity of the soil. But there is very little evidence
        on how both overstorey structure and soil properties affect the spatial variation of the
        herb layer. The aim of this study is to evaluate the factors of the soil and overstorey
        structure by which it is possible to explain the fine-scale variation of herbaceous layer
        communities in an Eastern European poplar-willow forest. The research was conducted in the
        “Dnipro-Orils’kiy” Nature Reserve (Ukraine). The research polygon (48°30′51″N, 34°49″02″E)
        was laid in an Eastern European poplar-willow forest in the floodplain of the River Protich,
        which is a left inflow of the River Dnipro. The site consists of 7 transects. Each transect
        was made up of 15 test points. The distance between rows in the site was 3 m. At the site,
        we established a plot of 45×21 m, with 105 subplots of 3×3 m organized in a regular grid.
        The adjacent subplots were in close proximity. Vascular plant species lists were recorded at
        each 3×3 m subplot along with visual estimates of species cover using the nine-degree
        Braun-Blanquet scale. Within the plot, all woody stems ≥ 1 cm in diameter at breast height
        were measured and mapped. Dixon’s segregation index was calculated for tree species to
        quantify their relative spatial mixing. Based on geobotanical descriptions, a
        phytoindicative assessment of environmental factors according to the Didukh scale was made.
        The redundancy analysis was used for the analysis of variance in the herbaceous layer
        species composition. The geographic coordinates of sampling locations were used to generate
        a set of orthogonal eigenvector-based spatial variables. Two measurements of the overstorey
        spatial structure were applied: the distances from the nearest tree of each species and the
        distance based on the evaluation of spatial density of point objects, which are separate
        trees. In both cases, the distance matrix of sampling locations was calculated, which
        provided the opportunity to generate eigenvector-based spatial variables. A kernel smoothed
        intensity function was used to compute the density of the trees’ spatial distribution from
        the point patterns’ data. Gaussian kernel functions with various bandwidths were used. The
        coordinates of sampling locations in the space obtained after the conversion of the trees’
        spatial distribution densities were used to generate a set of orthogonal eigenvector-based
        spatial variables, each of them representing a pattern of particular scale within the extent
        of the bandwidth area structured according to distance and reciprocal placement of the
        trees. An overall test of random labelling reveals the total nonrandom distribution of the
        tree stems within the site. The unexplained variation consists of 43.8%. The variation
        explained solely by soil variables is equal to 15.5%, while the variation explained both by
        spatial and soil variables is 18.0%. The measure of the overstorey spatial structure, which
        is based on the evaluation of its density enables us to obtain different estimations
        depending on the bandwidth. The bandwidth affects the explanatory capacity of the tree
        stand. A considerable part of the plant community variation explained by soil factors was
        spatially structured. The orthogonal eigenvector-based spatial variables (dbMEMs) approach
        can be extended to quantifying the effect of forest structures on the herbaceous layer
        community. The measure of the overstorey spatial structure, which is based on the evaluation
        of its density, was very useful in explaining herbaceous layer community
        variation.</marc:subfield>
      </marc:datafield>
      <marc:datafield tag="592" ind1=" " ind2=" ">
         <marc:subfield code="a">Publisher supplied data</marc:subfield>
      </marc:datafield>
      <marc:datafield tag="593" ind1=" " ind2=" ">
         <marc:subfield code="a">PubAg article</marc:subfield>
      </marc:datafield>
      <marc:datafield tag="650" ind1=" " ind2="3">
         <marc:subfield code="a">analysis of variance</marc:subfield>
      </marc:datafield>
      <marc:datafield tag="650" ind1=" " ind2="3">
         <marc:subfield code="a">conservation areas</marc:subfield>
      </marc:datafield>
      <marc:datafield tag="650" ind1=" " ind2="3">
         <marc:subfield code="a">edaphic factors</marc:subfield>
      </marc:datafield>
      <marc:datafield tag="650" ind1=" " ind2="3">
         <marc:subfield code="a">floodplains</marc:subfield>
      </marc:datafield>
      <marc:datafield tag="650" ind1=" " ind2="3">
         <marc:subfield code="a">forests</marc:subfield>
      </marc:datafield>
      <marc:datafield tag="650" ind1=" " ind2="3">
         <marc:subfield code="a">geographical coordinates</marc:subfield>
      </marc:datafield>
      <marc:datafield tag="650" ind1=" " ind2="3">
         <marc:subfield code="a">ground vegetation</marc:subfield>
      </marc:datafield>
      <marc:datafield tag="650" ind1=" " ind2="3">
         <marc:subfield code="a">herbaceous plants</marc:subfield>
      </marc:datafield>
      <marc:datafield tag="650" ind1=" " ind2="3">
         <marc:subfield code="a">mixing</marc:subfield>
      </marc:datafield>
      <marc:datafield tag="650" ind1=" " ind2="3">
         <marc:subfield code="a">overstory</marc:subfield>
      </marc:datafield>
      <marc:datafield tag="650" ind1=" " ind2="3">
         <marc:subfield code="a">phytogeography</marc:subfield>
      </marc:datafield>
      <marc:datafield tag="650" ind1=" " ind2="3">
         <marc:subfield code="a">plant communities</marc:subfield>
      </marc:datafield>
      <marc:datafield tag="650" ind1=" " ind2="3">
         <marc:subfield code="a">rivers</marc:subfield>
      </marc:datafield>
      <marc:datafield tag="650" ind1=" " ind2="3">
         <marc:subfield code="a">soil properties</marc:subfield>
      </marc:datafield>
      <marc:datafield tag="650" ind1=" " ind2="3">
         <marc:subfield code="a">spatial variation</marc:subfield>
      </marc:datafield>
      <marc:datafield tag="650" ind1=" " ind2="3">
         <marc:subfield code="a">species diversity</marc:subfield>
      </marc:datafield>
      <marc:datafield tag="650" ind1=" " ind2="3">
         <marc:subfield code="a">stems</marc:subfield>
      </marc:datafield>
      <marc:datafield tag="650" ind1=" " ind2="3">
         <marc:subfield code="a">tree and stand measurements</marc:subfield>
      </marc:datafield>
      <marc:datafield tag="650" ind1=" " ind2="3">
         <marc:subfield code="a">trees</marc:subfield>
      </marc:datafield>
      <marc:datafield tag="650" ind1=" " ind2="3">
         <marc:subfield code="a">vascular plants</marc:subfield>
      </marc:datafield>
      <marc:datafield tag="651" ind1=" " ind2="3">
         <marc:subfield code="a">Ukraine</marc:subfield>
      </marc:datafield>
      <marc:datafield tag="653" ind1=" " ind2="0">
         <marc:subfield code="a">overstorey structure</marc:subfield>
      </marc:datafield>
      <marc:datafield tag="653" ind1=" " ind2="0">
         <marc:subfield code="a">phytoindication</marc:subfield>
      </marc:datafield>
      <marc:datafield tag="653" ind1=" " ind2="0">
         <marc:subfield code="a">poplar-willow forest</marc:subfield>
      </marc:datafield>
      <marc:datafield tag="653" ind1=" " ind2="0">
         <marc:subfield code="a">scalogram</marc:subfield>
      </marc:datafield>
      <marc:datafield tag="653" ind1=" " ind2="0">
         <marc:subfield code="a">spatial eigenvector mapping</marc:subfield>
      </marc:datafield>
      <marc:datafield tag="700" ind1="1" ind2=" ">
         <marc:subfield code="a">Kunah, Olga</marc:subfield>
         <marc:subfield code="e">author</marc:subfield>
         <marc:subfield code="u">Department of Zoology and Ecology, Oles Honchar Dnipro National University,
        pr. Gagarina, 72, 49010 Dnipro, Ukraine</marc:subfield>
      </marc:datafield>
      <marc:datafield tag="700" ind1="1" ind2=" ">
         <marc:subfield code="a">Dubinina, Yulia</marc:subfield>
         <marc:subfield code="e">author</marc:subfield>
         <marc:subfield code="u">Department of Ecology and Information Technologies, Melitopol Institute of
        Ecology and Social Technologies of the Open International University of Human Development
        “Ukraine”, Interculturnaya St., 380, 72316 Melitopol, Ukraine</marc:subfield>
      </marc:datafield>
      <marc:datafield tag="700" ind1="1" ind2=" ">
         <marc:subfield code="a">Zhukova, Yulia</marc:subfield>
         <marc:subfield code="e">author</marc:subfield>
         <marc:subfield code="u">Department of Zoology and Ecology, Oles Honchar Dnipro National University,
        pr. Gagarina, 72, 49010 Dnipro, Ukraine</marc:subfield>
      </marc:datafield>
      <marc:datafield tag="700" ind1="1" ind2=" ">
         <marc:subfield code="a">Ganzha, Dmytro</marc:subfield>
         <marc:subfield code="e">author</marc:subfield>
         <marc:subfield code="u">“Dnieper-Orilskiy” Nature Reserve, 52030 Obukhovka, Dniprovsk district,
        Dnipropetrovsk region, Ukraine</marc:subfield>
      </marc:datafield>
      <marc:datafield tag="773" ind1="0" ind2=" ">
         <marc:subfield code="t">Ekológia (Bratislava).</marc:subfield>
         <marc:subfield code="g">2019 Sept. 01, v. 38, no. 3 p.253-272</marc:subfield>
         <marc:subfield code="d">Sciendo</marc:subfield>
         <marc:subfield code="w">Journal:23080</marc:subfield>
         <marc:subfield code="x">1337-947X</marc:subfield>
         <marc:subfield code="7">nnas</marc:subfield>
      </marc:datafield>
      <marc:datafield tag="787" ind1="1" ind2=" ">
         <marc:subfield code="o">islandora_article_repository</marc:subfield>
      </marc:datafield>
      <marc:datafield tag="787" ind1="1" ind2=" ">
         <marc:subfield code="o">product_pubag</marc:subfield>
      </marc:datafield>
      <marc:datafield tag="787" ind1="1" ind2=" ">
         <marc:subfield code="o">(Journal)23080</marc:subfield>
      </marc:datafield>
      <marc:datafield tag="856" ind1="4" ind2="0">
         <marc:subfield code="u">http://dx.doi.org/10.2478/eko-2019-0020</marc:subfield>
         <marc:subfield code="3">Available from publisher's site</marc:subfield>
      </marc:datafield>
      <marc:datafield tag="912" ind1=" " ind2=" ">
         <marc:subfield code="a">Article</marc:subfield>
      </marc:datafield>
      <marc:datafield tag="914" ind1=" " ind2=" ">
         <marc:subfield code="a">Journal:23080</marc:subfield>
         <marc:subfield code="b">1337-947X</marc:subfield>
         <marc:subfield code="c">38</marc:subfield>
         <marc:subfield code="d">3</marc:subfield>
         <marc:subfield code="e">253</marc:subfield>
      </marc:datafield>
      <marc:datafield tag="914" ind1=" " ind2=" ">
         <marc:subfield code="f">Ekológia (Bratislava)</marc:subfield>
      </marc:datafield>
      <marc:datafield tag="916" ind1=" " ind2=" ">
         <marc:subfield code="a">Batch:2375</marc:subfield>
      </marc:datafield>
      <marc:datafield tag="917" ind1=" " ind2=" ">
         <marc:subfield code="a">issued</marc:subfield>
      </marc:datafield>
      <marc:datafield tag="918" ind1="2" ind2=" ">
         <marc:subfield code="a">De Gruyter Publishers</marc:subfield>
         <marc:subfield code="e">provider</marc:subfield>
         <marc:subfield code="5">DNAL</marc:subfield>
      </marc:datafield>
      <marc:datafield tag="935" ind1=" " ind2=" ">
         <marc:subfield code="a">IND606618112</marc:subfield>
         <marc:subfield code="9">ExL</marc:subfield>
      </marc:datafield>
      <marc:datafield tag="949" ind1=" " ind2=" ">
         <marc:subfield code="a">2019-12-18</marc:subfield>
      </marc:datafield>
      <marc:datafield tag="953" ind1=" " ind2=" ">
         <marc:subfield code="a">/data/metadata/incoming/degruyter/eko.2019.38.issue-3-1567189526917.zip</marc:subfield>
      </marc:datafield>
      <marc:datafield tag="954" ind1=" " ind2=" ">
         <marc:subfield code="a">file:/data/metadata/staging/degruyter/eko-2019-0020.xml</marc:subfield>
      </marc:datafield>
      <marc:datafield tag="955" ind1=" " ind2=" ">
         <marc:subfield code="a">/data/metadata/staging/degruyter/</marc:subfield>
      </marc:datafield>
      <marc:datafield tag="962" ind1=" " ind2=" ">
         <marc:subfield code="a">Batch:2375 reviewed on 2019-12-18T11:00:04Z</marc:subfield>
      </marc:datafield>
      <marc:datafield tag="974" ind1=" " ind2=" ">
         <marc:subfield code="a">agid:6618112</marc:subfield>
      </marc:datafield>
      <marc:datafield tag="983" ind1=" " ind2=" ">
         <marc:subfield code="a">2019-08-30</marc:subfield>
      </marc:datafield>
      <marc:datafield tag="984" ind1=" " ind2=" ">
         <marc:subfield code="a">2019-12-18</marc:subfield>
      </marc:datafield>
   </marc:record>