
   <marc:record>
      <marc:leader>05319nab a2200661 u 4500</marc:leader>
      <marc:controlfield tag="001">9916156705807426</marc:controlfield>
      <marc:controlfield tag="005">20221122144522.0</marc:controlfield>
      <marc:controlfield tag="008">161103e201102 xx |||||o|||||||||||eng||</marc:controlfield>
      <marc:datafield tag="016" ind1="7" ind2=" ">
         <marc:subfield code="a">IND605579377</marc:subfield>
         <marc:subfield code="2">DNAL</marc:subfield>
      </marc:datafield>
      <marc:datafield tag="024" ind1="7" ind2=" ">
         <marc:subfield code="a">10.1890/10-0470.1</marc:subfield>
         <marc:subfield code="2">doi</marc:subfield>
      </marc:datafield>
      <marc:datafield tag="035" ind1=" " ind2=" ">
         <marc:subfield code="a">agid:5579377-01nal_inst</marc:subfield>
      </marc:datafield>
      <marc:datafield tag="040" ind1=" " ind2=" ">
         <marc:subfield code="a">AGL</marc:subfield>
         <marc:subfield code="b">eng</marc:subfield>
         <marc:subfield code="c">AGL</marc:subfield>
      </marc:datafield>
      <marc:datafield tag="100" ind1="1" ind2=" ">
         <marc:subfield code="a">García, Daniel</marc:subfield>
         <marc:subfield code="e">author</marc:subfield>
         <marc:subfield code="u">Departamento de Biología de Organismos y Sistemas, Universidad de Oviedo,
        and Instituto Cantábrico de Biodiversidad (Consejo Superior de Investigaciones
        Científicas-Universidad de Oviedo-Gobierno del Principado de Asturias), C/ Rodrigo Uría s/n,
        Oviedo 33071, Asturias, Spain. danielgarcia@uniovi.es</marc:subfield>
      </marc:datafield>
      <marc:datafield tag="245" ind1="1" ind2="4">
         <marc:subfield code="a">The spatial scale of plant–animal interactions: effects of resource
        availability and habitat structure</marc:subfield>
      </marc:datafield>
      <marc:datafield tag="300" ind1=" " ind2=" ">
         <marc:subfield code="a">p. 103-121.</marc:subfield>
      </marc:datafield>
      <marc:datafield tag="500" ind1=" " ind2=" ">
         <marc:subfield code="a">JOURNAL ARTICLE</marc:subfield>
      </marc:datafield>
      <marc:datafield tag="520" ind1=" " ind2=" ">
         <marc:subfield code="a">Plant–animal interactions are crucial nodes in the structure of communities
        and pivotal drivers of ecosystem functioning. Much of this relevance may depend on how
        animals cope with plant resources at different spatial scales. However, little is known
        about how and why different interactions perform at different scales in the same
        environmental setting. In this study we assess the spatial scales at which two plant–animal
        interactions operate and disentangle the environmental factors (plant resource availability
        vs. habitat structure) underpinning these operational scales. We studied two interactions
        with opposite (mutualistic vs. antagonistic) ecological effects on fleshy‐fruited trees,
        frugivory and seed dispersal by birds, and the later predation by rodents on bird‐dispersed
        seeds. Employing a standardized sampling, we covered three temperate ecosystems hosting
        structurally similar plant–frugivore–seed predator systems: Cantabrian forest, Mediterranean
        shrubland, and Patagonian forest. We sampled habitat structure (tree and understory covers),
        fleshy‐fruit abundance, bird‐dispersed seed occurrence, frugivorous bird abundance, and seed
        predation rate, along 1500–2500 m transects. Using a spatially explicit approach, we broke
        down the predictable spatial patterns of bird abundance and seed predation rate into
        patchiness at three consecutive spatial scales (broad, intermediate, and fine). The degree
        of patchiness and the allocation of spatial variability at different scales suggested a
        hierarchically nested structure in frugivory and seed predation, but a larger operational
        scale in seed predation than in frugivory. Scale‐specific spatial distributions were
        explained by the response of animals to plant resource availability and habitat structure.
        Birds tracked fruits at large spatial scales in all systems and, within some systems, even
        across consecutive scales. Seed predation distribution was more responsive to habitat
        features than to resource availability. The reinforcement of resource tracking patterns
        across scales sometimes occurred simultaneously with the dilution of habitat effects,
        suggesting that scale dependence may emerge from trade‐offs between resource acquisition and
        the effects of other factors, such as predation risk, on interacting animals. Our findings
        suggest that scale dependence in frugivory and seed predation may affect the balance of
        demographic effects of these interactions in plant populations. Moreover, the consistency of
        frugivory patterns within and across spatial scales may condition the redundancy of seed
        dispersal as an ecosystem function.</marc:subfield>
      </marc:datafield>
      <marc:datafield tag="592" ind1=" " ind2=" ">
         <marc:subfield code="a">Publisher supplied data</marc:subfield>
      </marc:datafield>
      <marc:datafield tag="593" ind1=" " ind2=" ">
         <marc:subfield code="a">PubAg article</marc:subfield>
      </marc:datafield>
      <marc:datafield tag="650" ind1=" " ind2="3">
         <marc:subfield code="a">birds</marc:subfield>
      </marc:datafield>
      <marc:datafield tag="650" ind1=" " ind2="3">
         <marc:subfield code="a">community structure</marc:subfield>
      </marc:datafield>
      <marc:datafield tag="650" ind1=" " ind2="3">
         <marc:subfield code="a">ecological footprint</marc:subfield>
      </marc:datafield>
      <marc:datafield tag="650" ind1=" " ind2="3">
         <marc:subfield code="a">ecological function</marc:subfield>
      </marc:datafield>
      <marc:datafield tag="650" ind1=" " ind2="3">
         <marc:subfield code="a">ecosystems</marc:subfield>
      </marc:datafield>
      <marc:datafield tag="650" ind1=" " ind2="3">
         <marc:subfield code="a">environmental factors</marc:subfield>
      </marc:datafield>
      <marc:datafield tag="650" ind1=" " ind2="3">
         <marc:subfield code="a">environmental impact</marc:subfield>
      </marc:datafield>
      <marc:datafield tag="650" ind1=" " ind2="3">
         <marc:subfield code="a">forests</marc:subfield>
      </marc:datafield>
      <marc:datafield tag="650" ind1=" " ind2="3">
         <marc:subfield code="a">frugivores</marc:subfield>
      </marc:datafield>
      <marc:datafield tag="650" ind1=" " ind2="3">
         <marc:subfield code="a">fruits</marc:subfield>
      </marc:datafield>
      <marc:datafield tag="650" ind1=" " ind2="3">
         <marc:subfield code="a">habitats</marc:subfield>
      </marc:datafield>
      <marc:datafield tag="650" ind1=" " ind2="3">
         <marc:subfield code="a">risk</marc:subfield>
      </marc:datafield>
      <marc:datafield tag="650" ind1=" " ind2="3">
         <marc:subfield code="a">rodents</marc:subfield>
      </marc:datafield>
      <marc:datafield tag="650" ind1=" " ind2="3">
         <marc:subfield code="a">seed dispersal</marc:subfield>
      </marc:datafield>
      <marc:datafield tag="650" ind1=" " ind2="3">
         <marc:subfield code="a">seed predation</marc:subfield>
      </marc:datafield>
      <marc:datafield tag="650" ind1=" " ind2="3">
         <marc:subfield code="a">seeds</marc:subfield>
      </marc:datafield>
      <marc:datafield tag="650" ind1=" " ind2="3">
         <marc:subfield code="a">shrublands</marc:subfield>
      </marc:datafield>
      <marc:datafield tag="650" ind1=" " ind2="3">
         <marc:subfield code="a">trees</marc:subfield>
      </marc:datafield>
      <marc:datafield tag="650" ind1=" " ind2="3">
         <marc:subfield code="a">understory</marc:subfield>
      </marc:datafield>
      <marc:datafield tag="700" ind1="1" ind2=" ">
         <marc:subfield code="a">Zamora, Regino</marc:subfield>
         <marc:subfield code="e">author</marc:subfield>
         <marc:subfield code="u">Departamento de Ecología, Universidad de Granada, Facultad de Ciencias,
        Avda. Fuentenueva s/n, Granada 18071, Spain</marc:subfield>
      </marc:datafield>
      <marc:datafield tag="700" ind1="1" ind2=" ">
         <marc:subfield code="a">Amico, Guillermo C.</marc:subfield>
         <marc:subfield code="e">author</marc:subfield>
         <marc:subfield code="u">Laboratorio Ecotono, Instituto de Investigación en Biodiversidad y
        Medioambiente (Consejo Nacional de Investigaciones Científicas y Técnicas, Universidad
        Nacional del Comahue), Bariloche, Río Negro, Argentina</marc:subfield>
      </marc:datafield>
      <marc:datafield tag="773" ind1="0" ind2=" ">
         <marc:subfield code="t">Ecological monographs.</marc:subfield>
         <marc:subfield code="g">2011 Feb., v. 81, no. 1 p.103-121</marc:subfield>
         <marc:subfield code="d">Ecological Society of America</marc:subfield>
         <marc:subfield code="x">0012-9615</marc:subfield>
         <marc:subfield code="7">nnas</marc:subfield>
      </marc:datafield>
      <marc:datafield tag="787" ind1="1" ind2=" ">
         <marc:subfield code="o">islandora_article_repository</marc:subfield>
      </marc:datafield>
      <marc:datafield tag="787" ind1="1" ind2=" ">
         <marc:subfield code="o">product_pubag</marc:subfield>
      </marc:datafield>
      <marc:datafield tag="787" ind1="1" ind2=" ">
         <marc:subfield code="o">(Journal)19342</marc:subfield>
      </marc:datafield>
      <marc:datafield tag="856" ind1="4" ind2="0">
         <marc:subfield code="u">http://dx.doi.org/10.1890/10-0470.1</marc:subfield>
         <marc:subfield code="3">Available from publisher's site</marc:subfield>
      </marc:datafield>
      <marc:datafield tag="912" ind1=" " ind2=" ">
         <marc:subfield code="a">Article</marc:subfield>
      </marc:datafield>
      <marc:datafield tag="914" ind1=" " ind2=" ">
         <marc:subfield code="a">Journal:19342</marc:subfield>
         <marc:subfield code="b">0012-9615</marc:subfield>
         <marc:subfield code="c">81</marc:subfield>
         <marc:subfield code="d">1</marc:subfield>
         <marc:subfield code="e">103</marc:subfield>
      </marc:datafield>
      <marc:datafield tag="914" ind1=" " ind2=" ">
         <marc:subfield code="f">Ecological monographs</marc:subfield>
      </marc:datafield>
      <marc:datafield tag="916" ind1=" " ind2=" ">
         <marc:subfield code="a">Batch:2277</marc:subfield>
      </marc:datafield>
      <marc:datafield tag="917" ind1=" " ind2=" ">
         <marc:subfield code="a">issued</marc:subfield>
      </marc:datafield>
      <marc:datafield tag="918" ind1="2" ind2=" ">
         <marc:subfield code="a">John Wiley &amp; Sons, Inc</marc:subfield>
         <marc:subfield code="e">provider</marc:subfield>
         <marc:subfield code="5">DNAL</marc:subfield>
      </marc:datafield>
      <marc:datafield tag="935" ind1=" " ind2=" ">
         <marc:subfield code="a">IND605579377</marc:subfield>
         <marc:subfield code="9">ExL</marc:subfield>
      </marc:datafield>
      <marc:datafield tag="949" ind1=" " ind2=" ">
         <marc:subfield code="a">2019-08-16</marc:subfield>
      </marc:datafield>
      <marc:datafield tag="953" ind1=" " ind2=" ">
         <marc:subfield code="a">00129615_2011_81_1.xml</marc:subfield>
      </marc:datafield>
      <marc:datafield tag="962" ind1=" " ind2=" ">
         <marc:subfield code="a">Batch:2277 reviewed on 2019-08-16T14:00:05Z</marc:subfield>
      </marc:datafield>
      <marc:datafield tag="974" ind1=" " ind2=" ">
         <marc:subfield code="a">agid:5579377</marc:subfield>
      </marc:datafield>
      <marc:datafield tag="983" ind1=" " ind2=" ">
         <marc:subfield code="a">2016-11-03</marc:subfield>
      </marc:datafield>
      <marc:datafield tag="984" ind1=" " ind2=" ">
         <marc:subfield code="a">2019-08-16</marc:subfield>
      </marc:datafield>
   </marc:record>