
   <marc:record>
      <marc:leader>05280nab a2200733 u 4500</marc:leader>
      <marc:controlfield tag="001">9916156778407426</marc:controlfield>
      <marc:controlfield tag="005">20221117155930.0</marc:controlfield>
      <marc:controlfield tag="008">021126e200110 ne |||||o|||||||||||eng||</marc:controlfield>
      <marc:datafield tag="016" ind1="7" ind2=" ">
         <marc:subfield code="a">IND23298564</marc:subfield>
         <marc:subfield code="2">DNAL</marc:subfield>
      </marc:datafield>
      <marc:datafield tag="035" ind1=" " ind2=" ">
         <marc:subfield code="a">agid:669907-01nal_inst</marc:subfield>
      </marc:datafield>
      <marc:datafield tag="040" ind1=" " ind2=" ">
         <marc:subfield code="a">AGL</marc:subfield>
         <marc:subfield code="b">eng</marc:subfield>
         <marc:subfield code="c">AGL</marc:subfield>
      </marc:datafield>
      <marc:datafield tag="100" ind1="1" ind2=" ">
         <marc:subfield code="a">Chokkalingam, U.</marc:subfield>
      </marc:datafield>
      <marc:datafield tag="245" ind1="1" ind2="0">
         <marc:subfield code="a">Structure and spatial patterns of trees in old-growth northern hardwood and
        mixed forests of northern Maine</marc:subfield>
      </marc:datafield>
      <marc:datafield tag="300" ind1=" " ind2=" ">
         <marc:subfield code="a">p. 139-160.</marc:subfield>
      </marc:datafield>
      <marc:datafield tag="500" ind1=" " ind2=" ">
         <marc:subfield code="a">Includes references</marc:subfield>
      </marc:datafield>
      <marc:datafield tag="500" ind1=" " ind2=" ">
         <marc:subfield code="a">2019-12-06</marc:subfield>
      </marc:datafield>
      <marc:datafield tag="520" ind1=" " ind2=" ">
         <marc:subfield code="a">Stand structure including spatial patterns was studied in northern hardwood
        and mixed forest types in the 2000-ha old-growth Big Reed Forest Reserve in northern Maine
        using complete stem mapping, dendrochronology, and spatial analyses on approximately 0.5 ha
        plots. The inclusion of saplings, dead wood, age distributions, spatial pattern, and
        interactions provided some idea of underlying processes and temporal change. Structural
        characteristics were most comparable to spruce-northern hardwood forests of northern New
        England and New York, and most characteristics matched expected patterns for old-growth
        forests of the region. Results indicated smaller maximum-tree sizes, lower basal areas
        (26-34 m2/ha) and downed-wood volumes (29-64 m3/ha), higher densities (475-649 stems/ha),
        but similar species longevities compared to other mesic old-growth forests further south and
        in the Lake States. The stands were dominated by very shade-tolerant tree species, including
        Fagus grandifolia Ehrh., Acer saccharum Marsh., Picea rubens Sarg. and Abies balsamea (L.)
        Mill, with each species found in many crown positions and age and size classes. The sapling
        layer was dominated by Fagus grandifolia followed by Picea rubens. Most species had
        reverse-J shaped diameter distributions, but age distributions were indicative of
        synchronous, episodic recruitment. In most plots, Acer saccharum diameter distributions were
        skewed towards the mid-larger size classes. Lack of young and small Acer saccharum stems
        suggested change in forest composition towards Fagus grandifolia dominance. Most species
        formed small-scale clusters (less than or equal to 15 m) perhaps in response to small gap
        disturbances. Snags were the dominant dead wood type and were randomly to regularly
        distributed in most plots. Logfall directions were unrelated to hurricane paths. Recent
        small-scale disturbance events and topographic position appear to be important in explaining
        current structure and dynamics of the hardwood and mixed forests of Big Reed Forest Reserve
        in northern Maine. The continued effects of beech bark disease had a greater effect on
        hardwood plots, whereas a recent spruce budworm outbreak had a greater effect on plots with
        higher conifer density. The dominance of very shade tolerant tree species in small-scale
        clusters, and randomly distributed snags rather than clustered uproots were indicative of
        the prevalence of small scale gap disturbance regimes in the hardwood and mixed forests of
        Big Reed Forest Reserve in northern Maine. Varying topographic position may allow for slight
        changes in disturbance regime leading to consequent variation in structure and dynamics. H1,
        a more open plot on upper exposed slopes, had distinctly different characteristics such as
        lower live and dead tree and sapling densities than the other plots, but more uprooted trees
        and Acer saccharum saplings. Such small scale gap disturbance regimes operating on an
        episodic basis, and effects of slight variations in this regime on stand composition and
        structure have significant implications for silvicultural interventions and management of
        these forest types.</marc:subfield>
      </marc:datafield>
      <marc:datafield tag="593" ind1=" " ind2=" ">
         <marc:subfield code="a">PubAg article</marc:subfield>
      </marc:datafield>
      <marc:datafield tag="650" ind1=" " ind2="3">
         <marc:subfield code="a">temporal variation</marc:subfield>
      </marc:datafield>
      <marc:datafield tag="650" ind1=" " ind2="3">
         <marc:subfield code="a">topography</marc:subfield>
      </marc:datafield>
      <marc:datafield tag="650" ind1=" " ind2="3">
         <marc:subfield code="a">diameter</marc:subfield>
      </marc:datafield>
      <marc:datafield tag="650" ind1=" " ind2="3">
         <marc:subfield code="a">Choristoneura fumiferana</marc:subfield>
      </marc:datafield>
      <marc:datafield tag="650" ind1=" " ind2="3">
         <marc:subfield code="a">volume</marc:subfield>
      </marc:datafield>
      <marc:datafield tag="650" ind1=" " ind2="3">
         <marc:subfield code="a">mixed forests</marc:subfield>
      </marc:datafield>
      <marc:datafield tag="650" ind1=" " ind2="3">
         <marc:subfield code="a">tree age</marc:subfield>
      </marc:datafield>
      <marc:datafield tag="650" ind1=" " ind2="3">
         <marc:subfield code="a">botanical composition</marc:subfield>
      </marc:datafield>
      <marc:datafield tag="650" ind1=" " ind2="3">
         <marc:subfield code="a">dead wood</marc:subfield>
      </marc:datafield>
      <marc:datafield tag="650" ind1=" " ind2="3">
         <marc:subfield code="a">stand density</marc:subfield>
      </marc:datafield>
      <marc:datafield tag="650" ind1=" " ind2="3">
         <marc:subfield code="a">shade</marc:subfield>
      </marc:datafield>
      <marc:datafield tag="650" ind1=" " ind2="3">
         <marc:subfield code="a">canopy gaps</marc:subfield>
      </marc:datafield>
      <marc:datafield tag="650" ind1=" " ind2="3">
         <marc:subfield code="a">spatial variation</marc:subfield>
      </marc:datafield>
      <marc:datafield tag="650" ind1=" " ind2="3">
         <marc:subfield code="a">dendrochronology</marc:subfield>
      </marc:datafield>
      <marc:datafield tag="650" ind1=" " ind2="3">
         <marc:subfield code="a">stand basal area</marc:subfield>
      </marc:datafield>
      <marc:datafield tag="650" ind1=" " ind2="3">
         <marc:subfield code="a">stand structure</marc:subfield>
      </marc:datafield>
      <marc:datafield tag="651" ind1=" " ind2="3">
         <marc:subfield code="a">Maine</marc:subfield>
      </marc:datafield>
      <marc:datafield tag="653" ind1=" " ind2="0">
         <marc:subfield code="a">logs</marc:subfield>
      </marc:datafield>
      <marc:datafield tag="653" ind1=" " ind2="0">
         <marc:subfield code="a">patterns</marc:subfield>
      </marc:datafield>
      <marc:datafield tag="653" ind1=" " ind2="0">
         <marc:subfield code="a">interactions</marc:subfield>
      </marc:datafield>
      <marc:datafield tag="653" ind1=" " ind2="0">
         <marc:subfield code="a">recruitment</marc:subfield>
      </marc:datafield>
      <marc:datafield tag="653" ind1=" " ind2="0">
         <marc:subfield code="a">mapping</marc:subfield>
      </marc:datafield>
      <marc:datafield tag="653" ind1=" " ind2="0">
         <marc:subfield code="a">plant communities</marc:subfield>
      </marc:datafield>
      <marc:datafield tag="653" ind1=" " ind2="0">
         <marc:subfield code="a">basal area</marc:subfield>
      </marc:datafield>
      <marc:datafield tag="700" ind1="1" ind2=" ">
         <marc:subfield code="a">White, A.</marc:subfield>
      </marc:datafield>
      <marc:datafield tag="773" ind1="0" ind2=" ">
         <marc:subfield code="t">Plant ecology.</marc:subfield>
         <marc:subfield code="g">2001 Oct., v. 156, no. 2 p.139-160</marc:subfield>
         <marc:subfield code="d">Kluwer Academic Publishers</marc:subfield>
         <marc:subfield code="x">1385-0237</marc:subfield>
         <marc:subfield code="7">nnas</marc:subfield>
      </marc:datafield>
      <marc:datafield tag="787" ind1="1" ind2=" ">
         <marc:subfield code="o">islandora_article_repository</marc:subfield>
      </marc:datafield>
      <marc:datafield tag="787" ind1="1" ind2=" ">
         <marc:subfield code="o">product_pubag</marc:subfield>
      </marc:datafield>
      <marc:datafield tag="787" ind1="1" ind2=" ">
         <marc:subfield code="o">(Journal)jnl55230</marc:subfield>
      </marc:datafield>
      <marc:datafield tag="852" ind1=" " ind2=" ">
         <marc:subfield code="a">DNAL</marc:subfield>
      </marc:datafield>
      <marc:datafield tag="856" ind1="4" ind2="0">
         <marc:subfield code="u">http://www.kluweronline.com/issn/1385-0237/contents</marc:subfield>
         <marc:subfield code="3">electronic resource</marc:subfield>
      </marc:datafield>
      <marc:datafield tag="912" ind1=" " ind2=" ">
         <marc:subfield code="a">Article</marc:subfield>
      </marc:datafield>
      <marc:datafield tag="914" ind1=" " ind2=" ">
         <marc:subfield code="a">Journal:jnl55230</marc:subfield>
         <marc:subfield code="b">1385-0237</marc:subfield>
         <marc:subfield code="c">156</marc:subfield>
         <marc:subfield code="d">2</marc:subfield>
         <marc:subfield code="e">139</marc:subfield>
      </marc:datafield>
      <marc:datafield tag="914" ind1=" " ind2=" ">
         <marc:subfield code="f">Plant ecol</marc:subfield>
      </marc:datafield>
      <marc:datafield tag="917" ind1=" " ind2=" ">
         <marc:subfield code="a">issued</marc:subfield>
      </marc:datafield>
      <marc:datafield tag="930" ind1=" " ind2=" ">
         <marc:subfield code="a">20030203</marc:subfield>
         <marc:subfield code="b">20030211</marc:subfield>
         <marc:subfield code="c">00000000</marc:subfield>
      </marc:datafield>
      <marc:datafield tag="935" ind1=" " ind2=" ">
         <marc:subfield code="a">IND23298564</marc:subfield>
         <marc:subfield code="9">ExL</marc:subfield>
      </marc:datafield>
      <marc:datafield tag="945" ind1=" " ind2=" ">
         <marc:subfield code="a">IND</marc:subfield>
         <marc:subfield code="d">CTR</marc:subfield>
      </marc:datafield>
      <marc:datafield tag="946" ind1=" " ind2=" ">
         <marc:subfield code="a">Non-US</marc:subfield>
      </marc:datafield>
      <marc:datafield tag="949" ind1=" " ind2=" ">
         <marc:subfield code="a">2014-07-17</marc:subfield>
      </marc:datafield>
      <marc:datafield tag="952" ind1=" " ind2=" ">
         <marc:subfield code="a">20030203 20030211 00000000</marc:subfield>
         <marc:subfield code="b">IND CTR </marc:subfield>
      </marc:datafield>
      <marc:datafield tag="962" ind1=" " ind2=" ">
         <marc:subfield code="a">No DOI</marc:subfield>
      </marc:datafield>
      <marc:datafield tag="974" ind1=" " ind2=" ">
         <marc:subfield code="a">agid:669907</marc:subfield>
      </marc:datafield>
      <marc:datafield tag="984" ind1=" " ind2=" ">
         <marc:subfield code="a">2014-07-23</marc:subfield>
      </marc:datafield>
      <marc:datafield tag="985" ind1=" " ind2=" ">
         <marc:subfield code="a">Converted from MARCXML to MODS version 3.4 using MARC21slim2MODS3-4.xsl
        (Revision 1.95 2014/04/23)</marc:subfield>
      </marc:datafield>
      <marc:datafield tag="986" ind1=" " ind2=" ">
         <marc:subfield code="a">3561973</marc:subfield>
      </marc:datafield>
   </marc:record>