
   <marc:record>
      <marc:leader>05026nab a2200709 u 4500</marc:leader>
      <marc:controlfield tag="001">9916156944807426</marc:controlfield>
      <marc:controlfield tag="005">20221120171218.0</marc:controlfield>
      <marc:controlfield tag="008">180619e201709 xx |||||o|||||||||||eng||</marc:controlfield>
      <marc:datafield tag="016" ind1="7" ind2=" ">
         <marc:subfield code="a">IND605797886</marc:subfield>
         <marc:subfield code="2">DNAL</marc:subfield>
      </marc:datafield>
      <marc:datafield tag="024" ind1="7" ind2=" ">
         <marc:subfield code="a">10.1007/s00382-016-3426-7</marc:subfield>
         <marc:subfield code="2">doi</marc:subfield>
      </marc:datafield>
      <marc:datafield tag="035" ind1=" " ind2=" ">
         <marc:subfield code="a">agid:5797886-01nal_inst</marc:subfield>
      </marc:datafield>
      <marc:datafield tag="040" ind1=" " ind2=" ">
         <marc:subfield code="a">AGL</marc:subfield>
         <marc:subfield code="b">eng</marc:subfield>
         <marc:subfield code="c">AGL</marc:subfield>
      </marc:datafield>
      <marc:datafield tag="100" ind1="1" ind2=" ">
         <marc:subfield code="a">Seim, Andrea</marc:subfield>
         <marc:subfield code="e">author</marc:subfield>
         <marc:subfield code="u">Regional Climate Group, Department of Earth Sciences, University of
        Gothenburg, Gothenburg, Sweden. andrea.seim@gvc.gu.se</marc:subfield>
      </marc:datafield>
      <marc:datafield tag="245" ind1="1" ind2="0">
         <marc:subfield code="a">Synoptic-scale circulation patterns during summer derived from tree rings
        in mid-latitude Asia</marc:subfield>
      </marc:datafield>
      <marc:datafield tag="300" ind1=" " ind2=" ">
         <marc:subfield code="a">p. 1917-1931.</marc:subfield>
      </marc:datafield>
      <marc:datafield tag="520" ind1=" " ind2=" ">
         <marc:subfield code="a">Understanding past and recent climate and atmospheric circulation
        variability is vital for regions that are affected by climate extremes. In mid-latitude
        Asia, however, the synoptic climatology is complex and not yet fully understood. The aim of
        this study was to investigate dominant synoptic-scale circulation patterns during the summer
        season using a multi-species tree-ring width (TRW) network comprising 78 sites from
        mid-latitude Asia. For each TRW chronology, we calculated an atmospheric circulation
        tree-ring index (ACTI), based on 1000 hPa geopotential height data, to directly link tree
        growth to 13 summertime weather types and their associated local climate conditions for the
        period 1871–1993. Using the ACTI, three groups of similarly responding tree-ring sites can
        be associated with distinct large-scale atmospheric circulation patterns: 1. growth of
        drought sensitive trees is positively affected by a cyclone over northern Russia; 2.
        temperature sensitive trees show positive associations to a cyclone over northwestern Russia
        and an anticyclone over Mongolia; 3. trees at two high elevation sites show positive
        relations to a zonal cyclone extending from mid-latitude Eurasia to the West Pacific. The
        identified synoptic-scale circulation patterns showed spatiotemporal variability in their
        intensity and position, causing temporally varying climate conditions in mid-latitude Asia.
        Our results highlight that for regions with less pronounced atmospheric action centers
        during summer such as the occurrence of large-scale cyclones and anticyclones,
        synoptic-scale circulation patterns can be extracted and linked to the Northern Hemisphere
        circulation system. Thus, we provide a new and solid envelope for climate studies covering
        the past to the future.</marc:subfield>
      </marc:datafield>
      <marc:datafield tag="592" ind1=" " ind2=" ">
         <marc:subfield code="a">Publisher supplied data</marc:subfield>
      </marc:datafield>
      <marc:datafield tag="593" ind1=" " ind2=" ">
         <marc:subfield code="a">PubAg article</marc:subfield>
      </marc:datafield>
      <marc:datafield tag="650" ind1=" " ind2="3">
         <marc:subfield code="a">altitude</marc:subfield>
      </marc:datafield>
      <marc:datafield tag="650" ind1=" " ind2="3">
         <marc:subfield code="a">atmospheric circulation</marc:subfield>
      </marc:datafield>
      <marc:datafield tag="650" ind1=" " ind2="3">
         <marc:subfield code="a">climate</marc:subfield>
      </marc:datafield>
      <marc:datafield tag="650" ind1=" " ind2="3">
         <marc:subfield code="a">climatology</marc:subfield>
      </marc:datafield>
      <marc:datafield tag="650" ind1=" " ind2="3">
         <marc:subfield code="a">drought</marc:subfield>
      </marc:datafield>
      <marc:datafield tag="650" ind1=" " ind2="3">
         <marc:subfield code="a">growth rings</marc:subfield>
      </marc:datafield>
      <marc:datafield tag="650" ind1=" " ind2="3">
         <marc:subfield code="a">latitude</marc:subfield>
      </marc:datafield>
      <marc:datafield tag="650" ind1=" " ind2="3">
         <marc:subfield code="a">spatial variation</marc:subfield>
      </marc:datafield>
      <marc:datafield tag="650" ind1=" " ind2="3">
         <marc:subfield code="a">summer</marc:subfield>
      </marc:datafield>
      <marc:datafield tag="650" ind1=" " ind2="3">
         <marc:subfield code="a">temperature</marc:subfield>
      </marc:datafield>
      <marc:datafield tag="650" ind1=" " ind2="3">
         <marc:subfield code="a">temporal variation</marc:subfield>
      </marc:datafield>
      <marc:datafield tag="650" ind1=" " ind2="3">
         <marc:subfield code="a">tree growth</marc:subfield>
      </marc:datafield>
      <marc:datafield tag="650" ind1=" " ind2="3">
         <marc:subfield code="a">trees</marc:subfield>
      </marc:datafield>
      <marc:datafield tag="651" ind1=" " ind2="3">
         <marc:subfield code="a">Eurasia</marc:subfield>
      </marc:datafield>
      <marc:datafield tag="651" ind1=" " ind2="3">
         <marc:subfield code="a">Mongolia</marc:subfield>
      </marc:datafield>
      <marc:datafield tag="651" ind1=" " ind2="3">
         <marc:subfield code="a">Russia</marc:subfield>
      </marc:datafield>
      <marc:datafield tag="700" ind1="1" ind2=" ">
         <marc:subfield code="a">Schultz, Johannes A.</marc:subfield>
         <marc:subfield code="e">author</marc:subfield>
         <marc:subfield code="u">Remote Sensing Research Group (RSRG), Department of Geography, University
        of Bonn, Bonn, Germany</marc:subfield>
      </marc:datafield>
      <marc:datafield tag="700" ind1="1" ind2=" ">
         <marc:subfield code="a">Leland, Caroline</marc:subfield>
         <marc:subfield code="e">author</marc:subfield>
         <marc:subfield code="u">Tree-ring Laboratory, Lamont-Doherty Earth Observatory, Palisades, NY,
        USA</marc:subfield>
      </marc:datafield>
      <marc:datafield tag="700" ind1="1" ind2=" ">
         <marc:subfield code="a">Davi, Nicole</marc:subfield>
         <marc:subfield code="e">author</marc:subfield>
         <marc:subfield code="u">Tree-ring Laboratory, Lamont-Doherty Earth Observatory, Palisades, NY,
        USA</marc:subfield>
      </marc:datafield>
      <marc:datafield tag="700" ind1="1" ind2=" ">
         <marc:subfield code="a">Byambasuren, Oyunsanaa</marc:subfield>
         <marc:subfield code="e">author</marc:subfield>
         <marc:subfield code="u">Regional Central Asia Fire Management Resource Center, National University
        of Mongolia, Ulaanbaatar, Mongolia</marc:subfield>
      </marc:datafield>
      <marc:datafield tag="700" ind1="1" ind2=" ">
         <marc:subfield code="a">Liang, Eryuan</marc:subfield>
         <marc:subfield code="e">author</marc:subfield>
         <marc:subfield code="u">Key Laboratory of Tibetan Environment Changes and Land Surface Processes
        (TEL), Institute of Tibetan Plateau Research, Chinese Academy of Sciences, Beijing,
        China</marc:subfield>
      </marc:datafield>
      <marc:datafield tag="700" ind1="1" ind2=" ">
         <marc:subfield code="a">Wang, Xiaochun</marc:subfield>
         <marc:subfield code="e">author</marc:subfield>
         <marc:subfield code="u">Center for Ecological Research, Northeast Forestry University, Harbin,
        Heilongjiang, China</marc:subfield>
      </marc:datafield>
      <marc:datafield tag="700" ind1="1" ind2=" ">
         <marc:subfield code="a">Beck, Christoph</marc:subfield>
         <marc:subfield code="e">author</marc:subfield>
         <marc:subfield code="u">Institute of Geography, University of Augsburg, Augsburg,
        Germany</marc:subfield>
      </marc:datafield>
      <marc:datafield tag="700" ind1="1" ind2=" ">
         <marc:subfield code="a">Linderholm, HansW.</marc:subfield>
         <marc:subfield code="e">author</marc:subfield>
         <marc:subfield code="u">Regional Climate Group, Department of Earth Sciences, University of
        Gothenburg, Gothenburg, Sweden</marc:subfield>
      </marc:datafield>
      <marc:datafield tag="700" ind1="1" ind2=" ">
         <marc:subfield code="a">Pederson, Neil</marc:subfield>
         <marc:subfield code="e">author</marc:subfield>
         <marc:subfield code="u">Tree-ring Laboratory, Lamont-Doherty Earth Observatory, Palisades, NY,
        USA</marc:subfield>
      </marc:datafield>
      <marc:datafield tag="773" ind1="0" ind2=" ">
         <marc:subfield code="t">Climate dynamics.</marc:subfield>
         <marc:subfield code="g">2017 Sept., v. 49, no. 5-6 p.1917-1931</marc:subfield>
         <marc:subfield code="d">Springer Berlin Heidelberg</marc:subfield>
         <marc:subfield code="w">Journal:jnl3895934</marc:subfield>
         <marc:subfield code="x">0930-7575</marc:subfield>
         <marc:subfield code="7">nnas</marc:subfield>
      </marc:datafield>
      <marc:datafield tag="787" ind1="1" ind2=" ">
         <marc:subfield code="o">islandora_article_repository</marc:subfield>
      </marc:datafield>
      <marc:datafield tag="787" ind1="1" ind2=" ">
         <marc:subfield code="o">product_pubag</marc:subfield>
      </marc:datafield>
      <marc:datafield tag="787" ind1="1" ind2=" ">
         <marc:subfield code="o">(Journal)jnl3895934</marc:subfield>
      </marc:datafield>
      <marc:datafield tag="856" ind1="4" ind2="0">
         <marc:subfield code="u">https://dx.doi.org/10.1007/s00382-016-3426-7</marc:subfield>
         <marc:subfield code="3">Available from publisher's site</marc:subfield>
      </marc:datafield>
      <marc:datafield tag="912" ind1=" " ind2=" ">
         <marc:subfield code="a">Article</marc:subfield>
      </marc:datafield>
      <marc:datafield tag="914" ind1=" " ind2=" ">
         <marc:subfield code="a">Journal:jnl3895934</marc:subfield>
         <marc:subfield code="b">0930-7575</marc:subfield>
         <marc:subfield code="c">49</marc:subfield>
         <marc:subfield code="d">5-6</marc:subfield>
         <marc:subfield code="e">1917</marc:subfield>
      </marc:datafield>
      <marc:datafield tag="914" ind1=" " ind2=" ">
         <marc:subfield code="f">Climate dynamics</marc:subfield>
      </marc:datafield>
      <marc:datafield tag="916" ind1=" " ind2=" ">
         <marc:subfield code="a">Batch:1825</marc:subfield>
      </marc:datafield>
      <marc:datafield tag="917" ind1=" " ind2=" ">
         <marc:subfield code="a">issued</marc:subfield>
      </marc:datafield>
      <marc:datafield tag="918" ind1="2" ind2=" ">
         <marc:subfield code="a">Springer</marc:subfield>
         <marc:subfield code="e">provider</marc:subfield>
         <marc:subfield code="5">DNAL</marc:subfield>
      </marc:datafield>
      <marc:datafield tag="935" ind1=" " ind2=" ">
         <marc:subfield code="a">IND605797886</marc:subfield>
         <marc:subfield code="9">ExL</marc:subfield>
      </marc:datafield>
      <marc:datafield tag="949" ind1=" " ind2=" ">
         <marc:subfield code="a">2018-06-19</marc:subfield>
      </marc:datafield>
      <marc:datafield tag="953" ind1=" " ind2=" ">
         <marc:subfield code="a">/data/metadata/incoming/springer/ftp_PUB_18-01-08_05-09-43.zip</marc:subfield>
      </marc:datafield>
      <marc:datafield tag="954" ind1=" " ind2=" ">
         <marc:subfield code="a">file:/data/metadata/staging/springer/00382-49-5-6.xml</marc:subfield>
      </marc:datafield>
      <marc:datafield tag="955" ind1=" " ind2=" ">
         <marc:subfield code="a">/data/metadata/staging/springer/</marc:subfield>
      </marc:datafield>
      <marc:datafield tag="974" ind1=" " ind2=" ">
         <marc:subfield code="a">agid:5797886</marc:subfield>
      </marc:datafield>
      <marc:datafield tag="983" ind1=" " ind2=" ">
         <marc:subfield code="a">2018-06-19</marc:subfield>
      </marc:datafield>
      <marc:datafield tag="984" ind1=" " ind2=" ">
         <marc:subfield code="a">2018-06-19</marc:subfield>
      </marc:datafield>
   </marc:record>