
   <marc:record>
      <marc:leader>05092nab a2200769 u 4500</marc:leader>
      <marc:controlfield tag="001">9916157612107426</marc:controlfield>
      <marc:controlfield tag="005">20221121202108.0</marc:controlfield>
      <marc:controlfield tag="008">201217e202101 xx |||||o|||||||||||eng||</marc:controlfield>
      <marc:datafield tag="016" ind1="7" ind2=" ">
         <marc:subfield code="a">IND607207448</marc:subfield>
         <marc:subfield code="2">DNAL</marc:subfield>
      </marc:datafield>
      <marc:datafield tag="024" ind1="7" ind2=" ">
         <marc:subfield code="a">10.1111/geb.13200</marc:subfield>
         <marc:subfield code="2">doi</marc:subfield>
      </marc:datafield>
      <marc:datafield tag="035" ind1=" " ind2=" ">
         <marc:subfield code="a">agid:7207448-01nal_inst</marc:subfield>
      </marc:datafield>
      <marc:datafield tag="040" ind1=" " ind2=" ">
         <marc:subfield code="a">AGL</marc:subfield>
         <marc:subfield code="b">eng</marc:subfield>
         <marc:subfield code="c">AGL</marc:subfield>
      </marc:datafield>
      <marc:datafield tag="100" ind1="1" ind2=" ">
         <marc:subfield code="a">Sales, Lilian P.</marc:subfield>
         <marc:subfield code="e">author</marc:subfield>
         <marc:subfield code="u">Department of Animal Biology, Institute of Biology, University of Campinas,
        Campinas, São Paulo, Brazil</marc:subfield>
         <marc:subfield code="1">https://orcid.org/0000-0003-1159-6412</marc:subfield>
      </marc:datafield>
      <marc:datafield tag="245" ind1="1" ind2="0">
         <marc:subfield code="a">Climate change drives spatial mismatch and threatens the biotic
        interactions of the Brazil nut</marc:subfield>
      </marc:datafield>
      <marc:datafield tag="300" ind1=" " ind2=" ">
         <marc:subfield code="a">p. 117-127.</marc:subfield>
      </marc:datafield>
      <marc:datafield tag="500" ind1=" " ind2=" ">
         <marc:subfield code="a">NAL-light</marc:subfield>
      </marc:datafield>
      <marc:datafield tag="500" ind1=" " ind2=" ">
         <marc:subfield code="a">JOURNAL ARTICLE</marc:subfield>
      </marc:datafield>
      <marc:datafield tag="520" ind1=" " ind2=" ">
         <marc:subfield code="a">AIM: Climate change and deforestation will redistribute biodiversity in the
        next century. Species‐specific differences in the response to these stressors will lead to
        distribution decoupling of interacting species. However, consequences for ecosystem services
        are poorly known. Here, we assess the potential effects of future distribution mismatch on a
        key ecosystem service mediated by seed dispersal and pollination interactions: the
        sustainable exploitation of Brazil nuts. LOCATION: The Amazon. MAJOR TAXA STUDIED: Woody
        plants, medium‐sized mammals, and insects. TIME PERIOD: Present day, end of the 21st
        century. METHODS: Combining ecological niche models to simulations of tree cover loss and
        dispersal constraints, we compare the forecasted distribution of the plant to that of its
        interacting fauna of pollinators and seed dispersers. RESULTS: Our projections indicate that
        climate change itself could have no or even slightly positive effects on the distribution of
        the Brazil nut tree, expected to increase by up to 6% by the year 2090. However, the
        pollinators of this tree were forecasted lose nearly 50% of their suitable distribution in
        the future, leading to an almost 80% reduction in co‐occurrence potential. In addition,
        local pollinator richness was predicted to diminish by 20%, with likely consequences for
        pollination redundancy and resilience to subsequent environment changes. Although range
        contractions were also forecasted for some seed dispersers in the future, the overall
        patterns of potential co‐occurrence between the Brazil nut tree and seed dispersers, as well
        as local richness of seed dispersers. were mostly unabated. MAIN CONCLUSIONS: The forecasted
        declines in pollinator diversity may reduce ecosystem functional redundancy and threaten the
        long‐term resilience of the services provided by Brazil nut trees. Such pervasive and
        indirect effects of climate change, often neglected and unaccounted for in most conservation
        assessments, may have cascading effects upon into economies and human well‐being
        worldwide.</marc:subfield>
      </marc:datafield>
      <marc:datafield tag="592" ind1=" " ind2=" ">
         <marc:subfield code="a">Publisher supplied data</marc:subfield>
      </marc:datafield>
      <marc:datafield tag="593" ind1=" " ind2=" ">
         <marc:subfield code="a">PubAg article</marc:subfield>
      </marc:datafield>
      <marc:datafield tag="596" ind1=" " ind2=" ">
         <marc:subfield code="a">001</marc:subfield>
         <marc:subfield code="c">Coordenação de Aperfeiçoamento de Pessoal de Nível Superior</marc:subfield>
      </marc:datafield>
      <marc:datafield tag="596" ind1=" " ind2=" ">
         <marc:subfield code="a">Programa Nacional de Pós‐Doutorado</marc:subfield>
         <marc:subfield code="c">Coordenação de Aperfeiçoamento de Pessoal de Nível Superior</marc:subfield>
      </marc:datafield>
      <marc:datafield tag="596" ind1=" " ind2=" ">
         <marc:subfield code="a">001 Programa Nacional de Pós‐Doutorado</marc:subfield>
         <marc:subfield code="c">Coordenação de Aperfeiçoamento de Pessoal de Nível Superior</marc:subfield>
      </marc:datafield>
      <marc:datafield tag="596" ind1=" " ind2=" ">
         <marc:subfield code="c">University of Campinas</marc:subfield>
      </marc:datafield>
      <marc:datafield tag="650" ind1=" " ind2="3">
         <marc:subfield code="a">Brazil nuts</marc:subfield>
      </marc:datafield>
      <marc:datafield tag="650" ind1=" " ind2="3">
         <marc:subfield code="a">biocenosis</marc:subfield>
      </marc:datafield>
      <marc:datafield tag="650" ind1=" " ind2="3">
         <marc:subfield code="a">biodiversity</marc:subfield>
      </marc:datafield>
      <marc:datafield tag="650" ind1=" " ind2="3">
         <marc:subfield code="a">biogeography</marc:subfield>
      </marc:datafield>
      <marc:datafield tag="650" ind1=" " ind2="3">
         <marc:subfield code="a">climate change</marc:subfield>
      </marc:datafield>
      <marc:datafield tag="650" ind1=" " ind2="3">
         <marc:subfield code="a">deforestation</marc:subfield>
      </marc:datafield>
      <marc:datafield tag="650" ind1=" " ind2="3">
         <marc:subfield code="a">ecosystem services</marc:subfield>
      </marc:datafield>
      <marc:datafield tag="650" ind1=" " ind2="3">
         <marc:subfield code="a">ecosystems</marc:subfield>
      </marc:datafield>
      <marc:datafield tag="650" ind1=" " ind2="3">
         <marc:subfield code="a">environment</marc:subfield>
      </marc:datafield>
      <marc:datafield tag="650" ind1=" " ind2="3">
         <marc:subfield code="a">fauna</marc:subfield>
      </marc:datafield>
      <marc:datafield tag="650" ind1=" " ind2="3">
         <marc:subfield code="a">insects</marc:subfield>
      </marc:datafield>
      <marc:datafield tag="650" ind1=" " ind2="3">
         <marc:subfield code="a">lead</marc:subfield>
      </marc:datafield>
      <marc:datafield tag="650" ind1=" " ind2="3">
         <marc:subfield code="a">mammals</marc:subfield>
      </marc:datafield>
      <marc:datafield tag="650" ind1=" " ind2="3">
         <marc:subfield code="a">methodology</marc:subfield>
      </marc:datafield>
      <marc:datafield tag="650" ind1=" " ind2="3">
         <marc:subfield code="a">models</marc:subfield>
      </marc:datafield>
      <marc:datafield tag="650" ind1=" " ind2="3">
         <marc:subfield code="a">niches</marc:subfield>
      </marc:datafield>
      <marc:datafield tag="650" ind1=" " ind2="3">
         <marc:subfield code="a">pollination</marc:subfield>
      </marc:datafield>
      <marc:datafield tag="650" ind1=" " ind2="3">
         <marc:subfield code="a">pollinators</marc:subfield>
      </marc:datafield>
      <marc:datafield tag="650" ind1=" " ind2="3">
         <marc:subfield code="a">seed dispersal</marc:subfield>
      </marc:datafield>
      <marc:datafield tag="650" ind1=" " ind2="3">
         <marc:subfield code="a">social welfare</marc:subfield>
      </marc:datafield>
      <marc:datafield tag="650" ind1=" " ind2="3">
         <marc:subfield code="a">trees</marc:subfield>
      </marc:datafield>
      <marc:datafield tag="650" ind1=" " ind2="3">
         <marc:subfield code="a">woody plants</marc:subfield>
      </marc:datafield>
      <marc:datafield tag="700" ind1="1" ind2=" ">
         <marc:subfield code="a">Rodrigues, Lucirene</marc:subfield>
         <marc:subfield code="e">author</marc:subfield>
         <marc:subfield code="u">Department of Plant Biology, Graduate Program on Plant Biology, Institute
        of Biology, University of Campinas, Campinas, São Paulo, Brazil</marc:subfield>
      </marc:datafield>
      <marc:datafield tag="700" ind1="1" ind2=" ">
         <marc:subfield code="a">Masiero, Rômulo</marc:subfield>
         <marc:subfield code="e">author</marc:subfield>
         <marc:subfield code="u">Department of Plant Biology, Graduate Program on Plant Biology, Institute
        of Biology, University of Campinas, Campinas, São Paulo, Brazil</marc:subfield>
      </marc:datafield>
      <marc:datafield tag="773" ind1="0" ind2=" ">
         <marc:subfield code="t">Global ecology and biogeography.</marc:subfield>
         <marc:subfield code="g">2021 Jan., v. 30, no. 1 p.117-127</marc:subfield>
         <marc:subfield code="d">John Wiley &amp; Sons, Ltd</marc:subfield>
         <marc:subfield code="w">Journal:jnl3920180</marc:subfield>
         <marc:subfield code="x">1466-822X</marc:subfield>
         <marc:subfield code="7">nnas</marc:subfield>
      </marc:datafield>
      <marc:datafield tag="787" ind1="1" ind2=" ">
         <marc:subfield code="o">islandora_article_repository</marc:subfield>
      </marc:datafield>
      <marc:datafield tag="787" ind1="1" ind2=" ">
         <marc:subfield code="o">product_pubag</marc:subfield>
      </marc:datafield>
      <marc:datafield tag="787" ind1="1" ind2=" ">
         <marc:subfield code="o">(Journal)jnl3920180</marc:subfield>
      </marc:datafield>
      <marc:datafield tag="856" ind1="4" ind2="0">
         <marc:subfield code="u">http://dx.doi.org/10.1111/geb.13200</marc:subfield>
         <marc:subfield code="3">Available from publisher's site</marc:subfield>
      </marc:datafield>
      <marc:datafield tag="912" ind1=" " ind2=" ">
         <marc:subfield code="a">Article</marc:subfield>
      </marc:datafield>
      <marc:datafield tag="914" ind1=" " ind2=" ">
         <marc:subfield code="a">Journal:jnl3920180</marc:subfield>
         <marc:subfield code="b">1466-822X</marc:subfield>
         <marc:subfield code="c">30</marc:subfield>
         <marc:subfield code="d">1</marc:subfield>
         <marc:subfield code="e">117</marc:subfield>
      </marc:datafield>
      <marc:datafield tag="914" ind1=" " ind2=" ">
         <marc:subfield code="f">Global ecology and biogeography</marc:subfield>
      </marc:datafield>
      <marc:datafield tag="916" ind1=" " ind2=" ">
         <marc:subfield code="a">Batch:2636</marc:subfield>
      </marc:datafield>
      <marc:datafield tag="917" ind1=" " ind2=" ">
         <marc:subfield code="a">issued</marc:subfield>
      </marc:datafield>
      <marc:datafield tag="918" ind1="2" ind2=" ">
         <marc:subfield code="a">John Wiley &amp; Sons, Inc</marc:subfield>
         <marc:subfield code="e">provider</marc:subfield>
         <marc:subfield code="5">DNAL</marc:subfield>
      </marc:datafield>
      <marc:datafield tag="935" ind1=" " ind2=" ">
         <marc:subfield code="a">IND607207448</marc:subfield>
         <marc:subfield code="9">ExL</marc:subfield>
      </marc:datafield>
      <marc:datafield tag="949" ind1=" " ind2=" ">
         <marc:subfield code="a">2021-02-22</marc:subfield>
      </marc:datafield>
      <marc:datafield tag="953" ind1=" " ind2=" ">
         <marc:subfield code="a">/data/metadata/incoming/wiley/1466822X_2021_30_1.xml</marc:subfield>
      </marc:datafield>
      <marc:datafield tag="954" ind1=" " ind2=" ">
         <marc:subfield code="a">file:/data/metadata/staging/wiley/1466822X_2021_30_1.xml</marc:subfield>
      </marc:datafield>
      <marc:datafield tag="955" ind1=" " ind2=" ">
         <marc:subfield code="a">/data/metadata/staging/wiley/</marc:subfield>
      </marc:datafield>
      <marc:datafield tag="974" ind1=" " ind2=" ">
         <marc:subfield code="a">agid:7207448</marc:subfield>
      </marc:datafield>
      <marc:datafield tag="983" ind1=" " ind2=" ">
         <marc:subfield code="a">2020-12-17</marc:subfield>
      </marc:datafield>
      <marc:datafield tag="984" ind1=" " ind2=" ">
         <marc:subfield code="a">2021-02-22</marc:subfield>
      </marc:datafield>
   </marc:record>