
   <marc:record>
      <marc:leader>05984nab a2200817 u 4500</marc:leader>
      <marc:controlfield tag="001">9916157673907426</marc:controlfield>
      <marc:controlfield tag="005">20221122051636.0</marc:controlfield>
      <marc:controlfield tag="008">190318e201701 xx |||||o|||||||||||eng||</marc:controlfield>
      <marc:datafield tag="016" ind1="7" ind2=" ">
         <marc:subfield code="a">IND605823161</marc:subfield>
         <marc:subfield code="2">DNAL</marc:subfield>
      </marc:datafield>
      <marc:datafield tag="024" ind1="7" ind2=" ">
         <marc:subfield code="a">10.1016/j.apgeog.2016.10.005</marc:subfield>
         <marc:subfield code="2">doi</marc:subfield>
      </marc:datafield>
      <marc:datafield tag="035" ind1=" " ind2=" ">
         <marc:subfield code="a">agid:5823161-01nal_inst</marc:subfield>
      </marc:datafield>
      <marc:datafield tag="040" ind1=" " ind2=" ">
         <marc:subfield code="a">AGL</marc:subfield>
         <marc:subfield code="b">eng</marc:subfield>
         <marc:subfield code="c">AGL</marc:subfield>
      </marc:datafield>
      <marc:datafield tag="100" ind1="1" ind2=" ">
         <marc:subfield code="a">Abram, Nicola K.</marc:subfield>
         <marc:subfield code="e">author</marc:subfield>
         <marc:subfield code="u">Living Landscape Alliance, 5 Jupiter House, Calleva Park, Aldermaston,
        Reading, RG7 8NN, UK</marc:subfield>
         <marc:subfield code="1">https://orcid.org/0000-0003-1886-7297</marc:subfield>
      </marc:datafield>
      <marc:datafield tag="245" ind1="1" ind2="0">
         <marc:subfield code="a">Oil palm–community conflict mapping in Indonesia: A case for better
        community liaison in planning for development initiatives</marc:subfield>
      </marc:datafield>
      <marc:datafield tag="300" ind1=" " ind2=" ">
         <marc:subfield code="a">p. 33-44.</marc:subfield>
      </marc:datafield>
      <marc:datafield tag="520" ind1=" " ind2=" ">
         <marc:subfield code="a">Conflict between large-scale oil-palm producers and local communities is
        widespread in palm-oil producer nations. With a potential doubling of oil-palm cultivation
        in Indonesia in the next ten years it is likely that conflicts between the palm-oil industry
        and communities will increase. We develop and apply a novel method for understanding spatial
        patterns of oil-palm related conflicts. We use a unique set of conflict data derived through
        systematic searches of online data sources and local newspaper reports describing recent
        oil-palm land-use related conflicts for Indonesian Borneo, and combine these data with 43
        spatial environmental and social variables using boosted regression tree modelling. Reports
        identified 187 villages had reported conflict with oil-palm companies. Spatial patterns
        varied with different types of conflict. Forest-dependent communities were more likely to
        strongly oppose oil-palm establishment because of their negative perception of oil-palm
        development on the environment and their own livelihoods. Conflicts regarding land boundary
        disputes, illegal operations by companies, perceived lack of consultation, compensation and
        broken promises by companies were more associated with communities that have lower reliance
        on forests for livelihoods, or are located in regions that have undergone or are undergoing
        forest transformation to oil-palm or industrial-tree-plantations. A better understanding of
        the characteristics of communities and areas where different types of conflicts have
        occurred is a fundamental step in generating hypotheses about why certain types of conflict
        occur in certain locations. Insights from such research can help inform land use policy,
        planning and management to achieve more sustainable and equitable development. Our results
        can also assist certification bodies (e.g. the Roundtable for Sustainable Palm Oil-RSPO, and
        the Indonesian and Malaysian versions, ISPO and MSPO), non-government-organisations,
        government agencies and other stakeholders to more effectively target mediation efforts to
        reduce the potential for conflict arising in the future.</marc:subfield>
      </marc:datafield>
      <marc:datafield tag="592" ind1=" " ind2=" ">
         <marc:subfield code="a">Publisher supplied data</marc:subfield>
      </marc:datafield>
      <marc:datafield tag="593" ind1=" " ind2=" ">
         <marc:subfield code="a">PubAg article</marc:subfield>
      </marc:datafield>
      <marc:datafield tag="650" ind1=" " ind2="3">
         <marc:subfield code="a">business enterprises</marc:subfield>
      </marc:datafield>
      <marc:datafield tag="650" ind1=" " ind2="3">
         <marc:subfield code="a">certification</marc:subfield>
      </marc:datafield>
      <marc:datafield tag="650" ind1=" " ind2="3">
         <marc:subfield code="a">fats and oils industry</marc:subfield>
      </marc:datafield>
      <marc:datafield tag="650" ind1=" " ind2="3">
         <marc:subfield code="a">forests</marc:subfield>
      </marc:datafield>
      <marc:datafield tag="650" ind1=" " ind2="3">
         <marc:subfield code="a">geography</marc:subfield>
      </marc:datafield>
      <marc:datafield tag="650" ind1=" " ind2="3">
         <marc:subfield code="a">government agencies</marc:subfield>
      </marc:datafield>
      <marc:datafield tag="650" ind1=" " ind2="3">
         <marc:subfield code="a">land policy</marc:subfield>
      </marc:datafield>
      <marc:datafield tag="650" ind1=" " ind2="3">
         <marc:subfield code="a">land use</marc:subfield>
      </marc:datafield>
      <marc:datafield tag="650" ind1=" " ind2="3">
         <marc:subfield code="a">livelihood</marc:subfield>
      </marc:datafield>
      <marc:datafield tag="650" ind1=" " ind2="3">
         <marc:subfield code="a">methodology</marc:subfield>
      </marc:datafield>
      <marc:datafield tag="650" ind1=" " ind2="3">
         <marc:subfield code="a">oils</marc:subfield>
      </marc:datafield>
      <marc:datafield tag="650" ind1=" " ind2="3">
         <marc:subfield code="a">planning</marc:subfield>
      </marc:datafield>
      <marc:datafield tag="650" ind1=" " ind2="3">
         <marc:subfield code="a">regression analysis</marc:subfield>
      </marc:datafield>
      <marc:datafield tag="650" ind1=" " ind2="3">
         <marc:subfield code="a">stakeholders</marc:subfield>
      </marc:datafield>
      <marc:datafield tag="650" ind1=" " ind2="3">
         <marc:subfield code="a">villages</marc:subfield>
      </marc:datafield>
      <marc:datafield tag="651" ind1=" " ind2="3">
         <marc:subfield code="a">Borneo</marc:subfield>
      </marc:datafield>
      <marc:datafield tag="651" ind1=" " ind2="3">
         <marc:subfield code="a">Indonesia</marc:subfield>
      </marc:datafield>
      <marc:datafield tag="653" ind1=" " ind2="0">
         <marc:subfield code="a">Boosted regression tree modelling</marc:subfield>
      </marc:datafield>
      <marc:datafield tag="653" ind1=" " ind2="0">
         <marc:subfield code="a">Borneo</marc:subfield>
      </marc:datafield>
      <marc:datafield tag="653" ind1=" " ind2="0">
         <marc:subfield code="a">Mapping land use conflict</marc:subfield>
      </marc:datafield>
      <marc:datafield tag="653" ind1=" " ind2="0">
         <marc:subfield code="a">Oil palm expansion</marc:subfield>
      </marc:datafield>
      <marc:datafield tag="653" ind1=" " ind2="0">
         <marc:subfield code="a">RSPO</marc:subfield>
      </marc:datafield>
      <marc:datafield tag="653" ind1=" " ind2="0">
         <marc:subfield code="a">Sustainable development</marc:subfield>
      </marc:datafield>
      <marc:datafield tag="700" ind1="1" ind2=" ">
         <marc:subfield code="a">Meijaard, Erik</marc:subfield>
         <marc:subfield code="e">author</marc:subfield>
         <marc:subfield code="u">ARC Centre of Excellence for Environmental Decisions, University of
        Queensland, Brisbane, QLD 4072, Australia</marc:subfield>
      </marc:datafield>
      <marc:datafield tag="700" ind1="1" ind2=" ">
         <marc:subfield code="a">Wilson, Kerrie A.</marc:subfield>
         <marc:subfield code="e">author</marc:subfield>
         <marc:subfield code="u">ARC Centre of Excellence for Environmental Decisions, University of
        Queensland, Brisbane, QLD 4072, Australia</marc:subfield>
      </marc:datafield>
      <marc:datafield tag="700" ind1="1" ind2=" ">
         <marc:subfield code="a">Davis, Jacqueline T.</marc:subfield>
         <marc:subfield code="e">author</marc:subfield>
         <marc:subfield code="u">Department of Psychology, University of Cambridge, Downing Street,
        Cambridge, CB2 3EB, UK</marc:subfield>
      </marc:datafield>
      <marc:datafield tag="700" ind1="1" ind2=" ">
         <marc:subfield code="a">Wells, Jessie A.</marc:subfield>
         <marc:subfield code="e">author</marc:subfield>
         <marc:subfield code="u">ARC Centre of Excellence for Environmental Decisions, University of
        Queensland, Brisbane, QLD 4072, Australia</marc:subfield>
      </marc:datafield>
      <marc:datafield tag="700" ind1="1" ind2=" ">
         <marc:subfield code="a">Ancrenaz, Marc</marc:subfield>
         <marc:subfield code="e">author</marc:subfield>
         <marc:subfield code="u">Borneo Futures, People and Nature Consulting International, Ciputat,
        Jakarta, 15412, Indonesia</marc:subfield>
      </marc:datafield>
      <marc:datafield tag="700" ind1="1" ind2=" ">
         <marc:subfield code="a">Budiharta, Sugeng</marc:subfield>
         <marc:subfield code="e">author</marc:subfield>
         <marc:subfield code="u">ARC Centre of Excellence for Environmental Decisions, University of
        Queensland, Brisbane, QLD 4072, Australia</marc:subfield>
      </marc:datafield>
      <marc:datafield tag="700" ind1="1" ind2=" ">
         <marc:subfield code="a">Durrant, Alexandra</marc:subfield>
         <marc:subfield code="e">author</marc:subfield>
         <marc:subfield code="u">Borneo Futures, People and Nature Consulting International, Ciputat,
        Jakarta, 15412, Indonesia</marc:subfield>
      </marc:datafield>
      <marc:datafield tag="700" ind1="1" ind2=" ">
         <marc:subfield code="a">Fakhruzzi, Afif</marc:subfield>
         <marc:subfield code="e">author</marc:subfield>
         <marc:subfield code="u">Kontak Rakyat Borneo, Jalan Parit H. Husein 2, Komplek Fajar Permai, No A29
        Pontianak, West Kalimantan, Indonesia</marc:subfield>
      </marc:datafield>
      <marc:datafield tag="700" ind1="1" ind2=" ">
         <marc:subfield code="a">Runting, Rebecca K.</marc:subfield>
         <marc:subfield code="e">author</marc:subfield>
         <marc:subfield code="u">ARC Centre of Excellence for Environmental Decisions, University of
        Queensland, Brisbane, QLD 4072, Australia</marc:subfield>
      </marc:datafield>
      <marc:datafield tag="700" ind1="1" ind2=" ">
         <marc:subfield code="a">Gaveau, David</marc:subfield>
         <marc:subfield code="e">author</marc:subfield>
         <marc:subfield code="u">Center for International Forestry Research, P.O. Box 0113 BOCBD, Bogor
        16000, Indonesia</marc:subfield>
      </marc:datafield>
      <marc:datafield tag="700" ind1="1" ind2=" ">
         <marc:subfield code="a">Mengersen, Kerrie</marc:subfield>
         <marc:subfield code="e">author</marc:subfield>
         <marc:subfield code="u">School of Mathematical Sciences, Queensland University of Technology,
        Brisbane, Australia</marc:subfield>
      </marc:datafield>
      <marc:datafield tag="773" ind1="0" ind2=" ">
         <marc:subfield code="t">Applied geography.</marc:subfield>
         <marc:subfield code="g">2017 Jan., v. 78 p.33-44</marc:subfield>
         <marc:subfield code="d">Elsevier Ltd</marc:subfield>
         <marc:subfield code="w">Journal:11785</marc:subfield>
         <marc:subfield code="x">0143-6228</marc:subfield>
         <marc:subfield code="7">nnas</marc:subfield>
      </marc:datafield>
      <marc:datafield tag="787" ind1="1" ind2=" ">
         <marc:subfield code="o">islandora_article_repository</marc:subfield>
      </marc:datafield>
      <marc:datafield tag="787" ind1="1" ind2=" ">
         <marc:subfield code="o">product_pubag</marc:subfield>
      </marc:datafield>
      <marc:datafield tag="787" ind1="1" ind2=" ">
         <marc:subfield code="o">(Journal)11785</marc:subfield>
      </marc:datafield>
      <marc:datafield tag="856" ind1="4" ind2="0">
         <marc:subfield code="u">https://dx.doi.org/10.1016/j.apgeog.2016.10.005</marc:subfield>
         <marc:subfield code="3">Available from publisher's site</marc:subfield>
      </marc:datafield>
      <marc:datafield tag="912" ind1=" " ind2=" ">
         <marc:subfield code="a">Article</marc:subfield>
      </marc:datafield>
      <marc:datafield tag="914" ind1=" " ind2=" ">
         <marc:subfield code="a">Journal:11785</marc:subfield>
         <marc:subfield code="b">0143-6228</marc:subfield>
         <marc:subfield code="c">78</marc:subfield>
         <marc:subfield code="e">33</marc:subfield>
      </marc:datafield>
      <marc:datafield tag="914" ind1=" " ind2=" ">
         <marc:subfield code="f">Applied geography</marc:subfield>
      </marc:datafield>
      <marc:datafield tag="916" ind1=" " ind2=" ">
         <marc:subfield code="a">Batch:1853</marc:subfield>
      </marc:datafield>
      <marc:datafield tag="917" ind1=" " ind2=" ">
         <marc:subfield code="a">issued</marc:subfield>
      </marc:datafield>
      <marc:datafield tag="918" ind1="2" ind2=" ">
         <marc:subfield code="a">Elsevier Consyn</marc:subfield>
         <marc:subfield code="e">provider</marc:subfield>
         <marc:subfield code="5">DNAL</marc:subfield>
      </marc:datafield>
      <marc:datafield tag="935" ind1=" " ind2=" ">
         <marc:subfield code="a">IND605823161</marc:subfield>
         <marc:subfield code="9">ExL</marc:subfield>
      </marc:datafield>
      <marc:datafield tag="949" ind1=" " ind2=" ">
         <marc:subfield code="a">2019-03-18</marc:subfield>
      </marc:datafield>
      <marc:datafield tag="953" ind1=" " ind2=" ">
         <marc:subfield code="a">/data/metadata/incoming/consyn/46-2-00024-HEAD-ONLY.zip</marc:subfield>
      </marc:datafield>
      <marc:datafield tag="954" ind1=" " ind2=" ">
         <marc:subfield code="a">file:/data/metadata/staging/consyn/S0143622816306087.xml</marc:subfield>
      </marc:datafield>
      <marc:datafield tag="955" ind1=" " ind2=" ">
         <marc:subfield code="a">/data/metadata/staging/consyn/</marc:subfield>
      </marc:datafield>
      <marc:datafield tag="974" ind1=" " ind2=" ">
         <marc:subfield code="a">agid:5823161</marc:subfield>
      </marc:datafield>
      <marc:datafield tag="983" ind1=" " ind2=" ">
         <marc:subfield code="a">2019-03-18</marc:subfield>
      </marc:datafield>
      <marc:datafield tag="984" ind1=" " ind2=" ">
         <marc:subfield code="a">2019-03-18</marc:subfield>
      </marc:datafield>
   </marc:record>