
   <marc:record>
      <marc:leader>03923nab a2200493 u 4500</marc:leader>
      <marc:controlfield tag="001">9916158336007426</marc:controlfield>
      <marc:controlfield tag="005">20221121025425.0</marc:controlfield>
      <marc:controlfield tag="008">120602e201206 xx |||||o|||||||||||eng||</marc:controlfield>
      <marc:datafield tag="016" ind1="7" ind2=" ">
         <marc:subfield code="a">IND44708050</marc:subfield>
         <marc:subfield code="2">DNAL</marc:subfield>
      </marc:datafield>
      <marc:datafield tag="024" ind1="7" ind2=" ">
         <marc:subfield code="a">10.1111/j.1600-0587.2011.06772.x</marc:subfield>
         <marc:subfield code="2">doi</marc:subfield>
      </marc:datafield>
      <marc:datafield tag="035" ind1=" " ind2=" ">
         <marc:subfield code="a">agid:518801-01nal_inst</marc:subfield>
      </marc:datafield>
      <marc:datafield tag="040" ind1=" " ind2=" ">
         <marc:subfield code="a">AGL</marc:subfield>
         <marc:subfield code="b">eng</marc:subfield>
         <marc:subfield code="c">AGL</marc:subfield>
      </marc:datafield>
      <marc:datafield tag="100" ind1="1" ind2=" ">
         <marc:subfield code="a">Fuller, Michael M.</marc:subfield>
         <marc:subfield code="e">author</marc:subfield>
         <marc:subfield code="u"> Dept of Biology, Univ. of New Mexico, Albuquerque, NM, USA Ecology and
        Evolutionary Biology, Univ. of Arizona, Tucson, AZ, USA, and The Santa Fe Inst., Santa Fe,
        NM, USA</marc:subfield>
      </marc:datafield>
      <marc:datafield tag="245" ind1="1" ind2="0">
         <marc:subfield code="a">Accounting for spatial autocorrelation in null models of tree species
        association</marc:subfield>
      </marc:datafield>
      <marc:datafield tag="300" ind1=" " ind2=" ">
         <marc:subfield code="a">p. 510-518.</marc:subfield>
      </marc:datafield>
      <marc:datafield tag="500" ind1=" " ind2=" ">
         <marc:subfield code="a">2019-12-06</marc:subfield>
      </marc:datafield>
      <marc:datafield tag="520" ind1=" " ind2=" ">
         <marc:subfield code="a">A commonly used null model for species association among forest trees is a
        well‐mixed community (WMC). A WMC represents a non‐spatial, or spatially implicit, model, in
        which species form nearest‐neighbor pairs at a rate equal to the product of their community
        proportions. WMC models assume that the outcome of random dispersal and demographic
        processes is complete spatial randomness (CSR) in the species’ spatial distributions. Yet,
        stochastic dispersal processes often lead to spatial autocorrelation (SAC) in tree species
        densities, giving rise to clustering, segregation, and other nonrandom patterns. Although
        methods exist to account for SAC in spatially‐explicit models, its impact on non‐spatial
        models often remains unaccounted for. To investigate the potential for SAC to bias tests
        based upon non‐spatial models, we developed a spatially‐heterogeneous (SH) modelling
        approach that incorporates measured levels of SAC. Using the mapped locations of individuals
        in a tropical tree community, we tested the hypothesis that the identity of
        nearest‐neighbors represents a random draw from neighborhood species pools. Correlograms of
        Moran's I confirmed that, for 50 of 51 dominant species, stem density was significantly
        autocorrelated over distances ranging from 50 to 200 m. The observed patterns of SAC were
        consistent with dispersal limitation, with most species occurring in distinct patches. For
        nearly all of the 106 species in the community, the frequency of pairwise association was
        statistically indistinguishable from that projected by the null models. However, model
        comparisons revealed that non‐spatial models more strongly underestimated observed
        species‐pair frequencies, particularly for conspecific pairs. Overall, the CSR models
        projected more significant facilitative interactions than did SH models, yielding a more
        liberal test of niche differences. Our results underscore the importance of accounting for
        stochastic spatial processes in tests of association, regardless of whether spatial or
        non‐spatial models are employed.</marc:subfield>
      </marc:datafield>
      <marc:datafield tag="592" ind1=" " ind2=" ">
         <marc:subfield code="a">Publisher supplied data</marc:subfield>
      </marc:datafield>
      <marc:datafield tag="593" ind1=" " ind2=" ">
         <marc:subfield code="a">PubAg article</marc:subfield>
      </marc:datafield>
      <marc:datafield tag="650" ind1=" " ind2="3">
         <marc:subfield code="a">forest trees</marc:subfield>
      </marc:datafield>
      <marc:datafield tag="650" ind1=" " ind2="3">
         <marc:subfield code="a">stochastic processes</marc:subfield>
      </marc:datafield>
      <marc:datafield tag="650" ind1=" " ind2="3">
         <marc:subfield code="a">models</marc:subfield>
      </marc:datafield>
      <marc:datafield tag="650" ind1=" " ind2="3">
         <marc:subfield code="a">autocorrelation</marc:subfield>
      </marc:datafield>
      <marc:datafield tag="653" ind1=" " ind2="0">
         <marc:subfield code="a">neighborhoods</marc:subfield>
      </marc:datafield>
      <marc:datafield tag="700" ind1="1" ind2=" ">
         <marc:subfield code="a">Enquist, Brian J.</marc:subfield>
         <marc:subfield code="e">author</marc:subfield>
      </marc:datafield>
      <marc:datafield tag="773" ind1="0" ind2=" ">
         <marc:subfield code="t">Ecography.</marc:subfield>
         <marc:subfield code="g">2012 June, v. 35, no. 6 p.510-518</marc:subfield>
         <marc:subfield code="d">Blackwell Publishing Ltd</marc:subfield>
         <marc:subfield code="x">0906-7590</marc:subfield>
         <marc:subfield code="7">nnas</marc:subfield>
      </marc:datafield>
      <marc:datafield tag="787" ind1="1" ind2=" ">
         <marc:subfield code="o">islandora_article_repository</marc:subfield>
      </marc:datafield>
      <marc:datafield tag="787" ind1="1" ind2=" ">
         <marc:subfield code="o">product_pubag</marc:subfield>
      </marc:datafield>
      <marc:datafield tag="787" ind1="1" ind2=" ">
         <marc:subfield code="o">(Journal)jnl3867072</marc:subfield>
      </marc:datafield>
      <marc:datafield tag="856" ind1="4" ind2="0">
         <marc:subfield code="u">http://dx.doi.org/10.1111/j.1600-0587.2011.06772.x</marc:subfield>
      </marc:datafield>
      <marc:datafield tag="912" ind1=" " ind2=" ">
         <marc:subfield code="a">Article</marc:subfield>
      </marc:datafield>
      <marc:datafield tag="914" ind1=" " ind2=" ">
         <marc:subfield code="a">Journal:jnl3867072</marc:subfield>
         <marc:subfield code="b">0906-7590</marc:subfield>
         <marc:subfield code="c">35</marc:subfield>
         <marc:subfield code="d">6</marc:subfield>
         <marc:subfield code="e">510</marc:subfield>
      </marc:datafield>
      <marc:datafield tag="914" ind1=" " ind2=" ">
         <marc:subfield code="f">Ecography</marc:subfield>
      </marc:datafield>
      <marc:datafield tag="917" ind1=" " ind2=" ">
         <marc:subfield code="a">issued</marc:subfield>
      </marc:datafield>
      <marc:datafield tag="918" ind1="2" ind2=" ">
         <marc:subfield code="a">John Wiley &amp; Sons, Inc</marc:subfield>
         <marc:subfield code="e">provider</marc:subfield>
         <marc:subfield code="5">DNAL</marc:subfield>
      </marc:datafield>
      <marc:datafield tag="935" ind1=" " ind2=" ">
         <marc:subfield code="a">IND44708050</marc:subfield>
         <marc:subfield code="9">ExL</marc:subfield>
      </marc:datafield>
      <marc:datafield tag="949" ind1=" " ind2=" ">
         <marc:subfield code="a">2013-08-14</marc:subfield>
      </marc:datafield>
      <marc:datafield tag="951" ind1=" " ind2=" ">
         <marc:subfield code="a">2012-06-02</marc:subfield>
      </marc:datafield>
      <marc:datafield tag="953" ind1=" " ind2=" ">
         <marc:subfield code="a">09067590_2012_35_6.xml</marc:subfield>
      </marc:datafield>
      <marc:datafield tag="962" ind1=" " ind2=" ">
         <marc:subfield code="a">Journal ISSN is 1600-0587</marc:subfield>
      </marc:datafield>
      <marc:datafield tag="962" ind1=" " ind2=" ">
         <marc:subfield code="a">Batch:314 annotated on 2013-08-07T11:20:19Z</marc:subfield>
      </marc:datafield>
      <marc:datafield tag="962" ind1=" " ind2=" ">
         <marc:subfield code="a">Batch:314 reviewed on 2013-08-14T15:00:02Z</marc:subfield>
      </marc:datafield>
      <marc:datafield tag="962" ind1=" " ind2=" ">
         <marc:subfield code="a">Batch:314 reviewed on 2013-08-14T16:00:01Z</marc:subfield>
      </marc:datafield>
      <marc:datafield tag="974" ind1=" " ind2=" ">
         <marc:subfield code="a">agid:518801</marc:subfield>
      </marc:datafield>
   </marc:record>