
   <marc:record>
      <marc:leader>03928nab a2200637 u 4500</marc:leader>
      <marc:controlfield tag="001">9916159982707426</marc:controlfield>
      <marc:controlfield tag="005">20221120083547.0</marc:controlfield>
      <marc:controlfield tag="008">191003e20190703xx |||||o|||||||||||eng||</marc:controlfield>
      <marc:datafield tag="016" ind1="7" ind2=" ">
         <marc:subfield code="a">IND606713521</marc:subfield>
         <marc:subfield code="2">DNAL</marc:subfield>
      </marc:datafield>
      <marc:datafield tag="024" ind1="7" ind2=" ">
         <marc:subfield code="a">10.1080/01621459.2018.1529595</marc:subfield>
         <marc:subfield code="2">doi</marc:subfield>
      </marc:datafield>
      <marc:datafield tag="035" ind1=" " ind2=" ">
         <marc:subfield code="a">agid:6713521-01nal_inst</marc:subfield>
      </marc:datafield>
      <marc:datafield tag="040" ind1=" " ind2=" ">
         <marc:subfield code="a">AGL</marc:subfield>
         <marc:subfield code="b">eng</marc:subfield>
         <marc:subfield code="c">AGL</marc:subfield>
      </marc:datafield>
      <marc:datafield tag="100" ind1="1" ind2=" ">
         <marc:subfield code="a">Li, Furong</marc:subfield>
         <marc:subfield code="e">author</marc:subfield>
         <marc:subfield code="u">School of Mathematical Sciences, Ocean University of China, Qingdao,
        China</marc:subfield>
      </marc:datafield>
      <marc:datafield tag="245" ind1="1" ind2="0">
         <marc:subfield code="a">Spatial Homogeneity Pursuit of Regression Coefficients for Large
        Datasets</marc:subfield>
      </marc:datafield>
      <marc:datafield tag="300" ind1=" " ind2=" ">
         <marc:subfield code="a">p. 1050-1062.</marc:subfield>
      </marc:datafield>
      <marc:datafield tag="520" ind1=" " ind2=" ">
         <marc:subfield code="a">Spatial regression models have been widely used to describe the
        relationship between a response variable and some explanatory variables over a region of
        interest, taking into account the spatial dependence of the observations. In many
        applications, relationships between response variables and covariates are expected to
        exhibit complex spatial patterns. We propose a new approach, referred to as spatially
        clustered coefficient (SCC) regression, to detect spatially clustered patterns in the
        regression coefficients. It incorporates spatial neighborhood information through a
        carefully constructed regularization to automatically detect change points in space and to
        achieve computational scalability. Our numerical studies suggest that SCC works very
        effectively, capturing not only clustered coefficients, but also smoothly varying
        coefficients because of its strong local adaptivity. This flexibility allows researchers to
        explore various spatial structures in regression coefficients. We also establish theoretical
        properties of SCC. We use SCC to explore the relationship between the temperature and
        salinity of sea water in the Atlantic basin; this can provide important insights about the
        evolution of individual water masses and the pathway and strength of meridional overturning
        circulation in oceanography. Supplementary materials for this article, including a
        standardized description of the materials available for reproducing the work, are available
        as an online supplement.</marc:subfield>
      </marc:datafield>
      <marc:datafield tag="536" ind1=" " ind2=" ">
         <marc:subfield code="a">This work was supported by NSF [grant nos. DMS-1343155, DMS-1622433, and
        DMS-1737885] and NIH [grant no. R01-CA19776101].</marc:subfield>
      </marc:datafield>
      <marc:datafield tag="592" ind1=" " ind2=" ">
         <marc:subfield code="a">Publisher supplied data</marc:subfield>
      </marc:datafield>
      <marc:datafield tag="593" ind1=" " ind2=" ">
         <marc:subfield code="a">PubAg article</marc:subfield>
      </marc:datafield>
      <marc:datafield tag="596" ind1=" " ind2=" ">
         <marc:subfield code="a">DMS-</marc:subfield>
         <marc:subfield code="a">155</marc:subfield>
         <marc:subfield code="a">DMS-</marc:subfield>
         <marc:subfield code="a">433</marc:subfield>
         <marc:subfield code="a">DMS-</marc:subfield>
         <marc:subfield code="a">885</marc:subfield>
         <marc:subfield code="c">NSF</marc:subfield>
      </marc:datafield>
      <marc:datafield tag="596" ind1=" " ind2=" ">
         <marc:subfield code="a">R01-</marc:subfield>
         <marc:subfield code="c">NIH</marc:subfield>
      </marc:datafield>
      <marc:datafield tag="650" ind1=" " ind2="3">
         <marc:subfield code="a">basins</marc:subfield>
      </marc:datafield>
      <marc:datafield tag="650" ind1=" " ind2="3">
         <marc:subfield code="a">data collection</marc:subfield>
      </marc:datafield>
      <marc:datafield tag="650" ind1=" " ind2="3">
         <marc:subfield code="a">equations</marc:subfield>
      </marc:datafield>
      <marc:datafield tag="650" ind1=" " ind2="3">
         <marc:subfield code="a">models</marc:subfield>
      </marc:datafield>
      <marc:datafield tag="650" ind1=" " ind2="3">
         <marc:subfield code="a">oceanography</marc:subfield>
      </marc:datafield>
      <marc:datafield tag="650" ind1=" " ind2="3">
         <marc:subfield code="a">regression analysis</marc:subfield>
      </marc:datafield>
      <marc:datafield tag="650" ind1=" " ind2="3">
         <marc:subfield code="a">salinity</marc:subfield>
      </marc:datafield>
      <marc:datafield tag="650" ind1=" " ind2="3">
         <marc:subfield code="a">seawater</marc:subfield>
      </marc:datafield>
      <marc:datafield tag="650" ind1=" " ind2="3">
         <marc:subfield code="a">temperature</marc:subfield>
      </marc:datafield>
      <marc:datafield tag="653" ind1=" " ind2="0">
         <marc:subfield code="a">Fused lasso</marc:subfield>
      </marc:datafield>
      <marc:datafield tag="653" ind1=" " ind2="0">
         <marc:subfield code="a">Minimum spanning tree</marc:subfield>
      </marc:datafield>
      <marc:datafield tag="653" ind1=" " ind2="0">
         <marc:subfield code="a">Penalized least squares</marc:subfield>
      </marc:datafield>
      <marc:datafield tag="653" ind1=" " ind2="0">
         <marc:subfield code="a">Spatially clustered coefficient</marc:subfield>
      </marc:datafield>
      <marc:datafield tag="653" ind1=" " ind2="0">
         <marc:subfield code="a">Varying coefficient regression</marc:subfield>
      </marc:datafield>
      <marc:datafield tag="700" ind1="1" ind2=" ">
         <marc:subfield code="a">Sang, Huiyan</marc:subfield>
         <marc:subfield code="e">author</marc:subfield>
         <marc:subfield code="u">Department of Statistics, Texas A&amp;M University, College Station,
        TX</marc:subfield>
      </marc:datafield>
      <marc:datafield tag="773" ind1="0" ind2=" ">
         <marc:subfield code="t">Journal of the American Statistical Association.</marc:subfield>
         <marc:subfield code="g">2019 July 3, v. 114, no. 527 p.1050-1062</marc:subfield>
         <marc:subfield code="d">Taylor &amp; Francis</marc:subfield>
         <marc:subfield code="w">Journal:19699</marc:subfield>
         <marc:subfield code="x">1537-274X</marc:subfield>
         <marc:subfield code="7">nnas</marc:subfield>
      </marc:datafield>
      <marc:datafield tag="787" ind1="1" ind2=" ">
         <marc:subfield code="o">islandora_article_repository</marc:subfield>
      </marc:datafield>
      <marc:datafield tag="787" ind1="1" ind2=" ">
         <marc:subfield code="o">product_pubag</marc:subfield>
      </marc:datafield>
      <marc:datafield tag="787" ind1="1" ind2=" ">
         <marc:subfield code="o">(Journal)19699</marc:subfield>
      </marc:datafield>
      <marc:datafield tag="856" ind1="4" ind2="0">
         <marc:subfield code="u">http://dx.doi.org/10.1080/01621459.2018.1529595</marc:subfield>
         <marc:subfield code="3">Available from publisher's site</marc:subfield>
      </marc:datafield>
      <marc:datafield tag="912" ind1=" " ind2=" ">
         <marc:subfield code="a">Article</marc:subfield>
      </marc:datafield>
      <marc:datafield tag="914" ind1=" " ind2=" ">
         <marc:subfield code="a">Journal:19699</marc:subfield>
         <marc:subfield code="b">1537-274X</marc:subfield>
         <marc:subfield code="c">114</marc:subfield>
         <marc:subfield code="d">527</marc:subfield>
         <marc:subfield code="e">1050</marc:subfield>
      </marc:datafield>
      <marc:datafield tag="914" ind1=" " ind2=" ">
         <marc:subfield code="f">Journal of the American Statistical Association</marc:subfield>
      </marc:datafield>
      <marc:datafield tag="916" ind1=" " ind2=" ">
         <marc:subfield code="a">Batch:2411</marc:subfield>
      </marc:datafield>
      <marc:datafield tag="917" ind1=" " ind2=" ">
         <marc:subfield code="a">issued</marc:subfield>
      </marc:datafield>
      <marc:datafield tag="918" ind1="2" ind2=" ">
         <marc:subfield code="a">Taylor &amp; Francis Group</marc:subfield>
         <marc:subfield code="e">provider</marc:subfield>
         <marc:subfield code="5">DNAL</marc:subfield>
      </marc:datafield>
      <marc:datafield tag="935" ind1=" " ind2=" ">
         <marc:subfield code="a">IND606713521</marc:subfield>
         <marc:subfield code="9">ExL</marc:subfield>
      </marc:datafield>
      <marc:datafield tag="949" ind1=" " ind2=" ">
         <marc:subfield code="a">2020-03-02</marc:subfield>
      </marc:datafield>
      <marc:datafield tag="953" ind1=" " ind2=" ">
         <marc:subfield code="a">/data/metadata/incoming/taylorfrancis/uasa20_uasa20.v114.i527_20191002053012#18339116.zip</marc:subfield>
      </marc:datafield>
      <marc:datafield tag="954" ind1=" " ind2=" ">
         <marc:subfield code="a">file:/data/metadata/staging/taylorfrancis/01621459.2018.1529595.xml</marc:subfield>
      </marc:datafield>
      <marc:datafield tag="955" ind1=" " ind2=" ">
         <marc:subfield code="a">/data/metadata/staging/taylorfrancis/</marc:subfield>
      </marc:datafield>
      <marc:datafield tag="962" ind1=" " ind2=" ">
         <marc:subfield code="a">Batch:2411 reviewed on 2020-03-02T04:00:04Z</marc:subfield>
      </marc:datafield>
      <marc:datafield tag="974" ind1=" " ind2=" ">
         <marc:subfield code="a">agid:6713521</marc:subfield>
      </marc:datafield>
      <marc:datafield tag="983" ind1=" " ind2=" ">
         <marc:subfield code="a">2019-10-03</marc:subfield>
      </marc:datafield>
      <marc:datafield tag="984" ind1=" " ind2=" ">
         <marc:subfield code="a">2020-03-02</marc:subfield>
      </marc:datafield>
   </marc:record>