
   <marc:record>
      <marc:leader>04939nab a2200757 u 4500</marc:leader>
      <marc:controlfield tag="001">9916161006807426</marc:controlfield>
      <marc:controlfield tag="005">20221121051940.0</marc:controlfield>
      <marc:controlfield tag="008">180526e201805 xx |||||o|||||||||||eng||</marc:controlfield>
      <marc:datafield tag="016" ind1="7" ind2=" ">
         <marc:subfield code="a">IND605951025</marc:subfield>
         <marc:subfield code="2">DNAL</marc:subfield>
      </marc:datafield>
      <marc:datafield tag="035" ind1=" " ind2=" ">
         <marc:subfield code="a">agid:5951025-01nal_inst</marc:subfield>
      </marc:datafield>
      <marc:datafield tag="040" ind1=" " ind2=" ">
         <marc:subfield code="a">AGL</marc:subfield>
         <marc:subfield code="b">eng</marc:subfield>
         <marc:subfield code="c">AGL</marc:subfield>
      </marc:datafield>
      <marc:datafield tag="100" ind1="1" ind2=" ">
         <marc:subfield code="a">Michael, Damian R.</marc:subfield>
         <marc:subfield code="e">author</marc:subfield>
         <marc:subfield code="u">Fenner School of Environment and Society, The Australian National
        University, Canberra, ACT 2601, Australia.</marc:subfield>
      </marc:datafield>
      <marc:datafield tag="245" ind1="1" ind2="0">
         <marc:subfield code="a">Barking up the right tree: comparative use of arboreal and terrestrial
        artificial refuges to survey reptiles in temperate eucalypt woodlands</marc:subfield>
      </marc:datafield>
      <marc:datafield tag="300" ind1=" " ind2=" ">
         <marc:subfield code="a">p. 185-192.</marc:subfield>
      </marc:datafield>
      <marc:datafield tag="500" ind1=" " ind2=" ">
         <marc:subfield code="a">2019-12-06</marc:subfield>
      </marc:datafield>
      <marc:datafield tag="520" ind1=" " ind2=" ">
         <marc:subfield code="a">Context. Artificial refuges (cover boards) are a popular method to survey
        and monitor herpetofauna worldwide. However, one limitation of using artificial refuges in
        terrestrial environments is the low detection rates of arboreal species. Furthermore,
        destructive search techniques can damage critical microhabitat such as exfoliating rock or
        flaking bark of mature trees. Aim. We tested a non-destructive, passive method of sampling
        arboreal reptiles in fragmented agricultural landscapes in south-eastern Australia. Methods.
        We installed 84 artificial bark refuges consisting of strips of non-toxic, closed-cell foam
        attached to eucalypt trees in 13 patches of remnant vegetation. We used Bayesian statistics
        to compare differences in detection rates among artificial bark refuges, terrestrial
        artificial refuges and active searches of natural habitat over a 4-year period. Key results.
        Active searches combined with terrestrial artificial refuges detected the highest number of
        reptile species, including several cryptic fossorial species. Artificial bark refuges
        detected, on average, 132 times more individuals of the arboreal southern marbled gecko,
        Christinus marmoratus, than did terrestrial refuges. Gecko abundance patterns were related
        to tree characteristics such as tree size, bark thickness and stand basal area, as well as
        survey year. Conclusions. Traditional survey methods such as terrestrial cover boards, in
        combination with active searches of natural habitat, may significantly underestimate counts
        for arboreal gecko species. Implications. Artificial bark refuges provide a cost-effective,
        non-destructive and durable method for surveying and monitoring arboreal reptiles in
        woodland environments over short to medium time frames. Foil-backed, closed-cell foam has
        broad application for use in spatial capture–recapture studies and long-term monitoring of
        arboreal reptiles. This method also may be effective for procuring records of threatened
        arboreal geckos or as a solution for providing temporary habitat in ecological restoration
        projects.</marc:subfield>
      </marc:datafield>
      <marc:datafield tag="592" ind1=" " ind2=" ">
         <marc:subfield code="a">Publisher supplied data</marc:subfield>
      </marc:datafield>
      <marc:datafield tag="593" ind1=" " ind2=" ">
         <marc:subfield code="a">PubAg article</marc:subfield>
      </marc:datafield>
      <marc:datafield tag="650" ind1=" " ind2="3">
         <marc:subfield code="a">flaking</marc:subfield>
      </marc:datafield>
      <marc:datafield tag="650" ind1=" " ind2="3">
         <marc:subfield code="a">statistics</marc:subfield>
      </marc:datafield>
      <marc:datafield tag="650" ind1=" " ind2="3">
         <marc:subfield code="a">Eucalyptus</marc:subfield>
      </marc:datafield>
      <marc:datafield tag="650" ind1=" " ind2="3">
         <marc:subfield code="a">monitoring</marc:subfield>
      </marc:datafield>
      <marc:datafield tag="650" ind1=" " ind2="3">
         <marc:subfield code="a">agricultural land</marc:subfield>
      </marc:datafield>
      <marc:datafield tag="650" ind1=" " ind2="3">
         <marc:subfield code="a">reptiles</marc:subfield>
      </marc:datafield>
      <marc:datafield tag="650" ind1=" " ind2="3">
         <marc:subfield code="a">Gekkonidae</marc:subfield>
      </marc:datafield>
      <marc:datafield tag="650" ind1=" " ind2="3">
         <marc:subfield code="a">woodlands</marc:subfield>
      </marc:datafield>
      <marc:datafield tag="650" ind1=" " ind2="3">
         <marc:subfield code="a">microhabitats</marc:subfield>
      </marc:datafield>
      <marc:datafield tag="650" ind1=" " ind2="3">
         <marc:subfield code="a">surveys</marc:subfield>
      </marc:datafield>
      <marc:datafield tag="650" ind1=" " ind2="3">
         <marc:subfield code="a">trees</marc:subfield>
      </marc:datafield>
      <marc:datafield tag="650" ind1=" " ind2="3">
         <marc:subfield code="a">ecological restoration</marc:subfield>
      </marc:datafield>
      <marc:datafield tag="650" ind1=" " ind2="3">
         <marc:subfield code="a">bark</marc:subfield>
      </marc:datafield>
      <marc:datafield tag="650" ind1=" " ind2="3">
         <marc:subfield code="a">cost effectiveness</marc:subfield>
      </marc:datafield>
      <marc:datafield tag="650" ind1=" " ind2="3">
         <marc:subfield code="a">foams</marc:subfield>
      </marc:datafield>
      <marc:datafield tag="650" ind1=" " ind2="3">
         <marc:subfield code="a">herpetofauna</marc:subfield>
      </marc:datafield>
      <marc:datafield tag="650" ind1=" " ind2="3">
         <marc:subfield code="a">stand basal area</marc:subfield>
      </marc:datafield>
      <marc:datafield tag="651" ind1=" " ind2="3">
         <marc:subfield code="a">Australia</marc:subfield>
      </marc:datafield>
      <marc:datafield tag="653" ind1=" " ind2="0">
         <marc:subfield code="a">survey method</marc:subfield>
      </marc:datafield>
      <marc:datafield tag="653" ind1=" " ind2="0">
         <marc:subfield code="a">environmental-impact assessments</marc:subfield>
      </marc:datafield>
      <marc:datafield tag="653" ind1=" " ind2="0">
         <marc:subfield code="a">artificial cover boards</marc:subfield>
      </marc:datafield>
      <marc:datafield tag="653" ind1=" " ind2="0">
         <marc:subfield code="a">arboreal reptiles</marc:subfield>
      </marc:datafield>
      <marc:datafield tag="653" ind1=" " ind2="0">
         <marc:subfield code="a">habitat restoration</marc:subfield>
      </marc:datafield>
      <marc:datafield tag="653" ind1=" " ind2="0">
         <marc:subfield code="a">basal area</marc:subfield>
      </marc:datafield>
      <marc:datafield tag="700" ind1="1" ind2=" ">
         <marc:subfield code="a">Florance, Daniel</marc:subfield>
         <marc:subfield code="e">author</marc:subfield>
         <marc:subfield code="u">Fenner School of Environment and Society, The Australian National
        University, Canberra, ACT 2601, Australia.</marc:subfield>
      </marc:datafield>
      <marc:datafield tag="700" ind1="1" ind2=" ">
         <marc:subfield code="a">Crane, Mason</marc:subfield>
         <marc:subfield code="e">author</marc:subfield>
         <marc:subfield code="u">Fenner School of Environment and Society, The Australian National
        University, Canberra, ACT 2601, Australia.</marc:subfield>
      </marc:datafield>
      <marc:datafield tag="700" ind1="1" ind2=" ">
         <marc:subfield code="a">Blanchard, Wade</marc:subfield>
         <marc:subfield code="e">author</marc:subfield>
         <marc:subfield code="u">Fenner School of Environment and Society, The Australian National
        University, Canberra, ACT 2601, Australia.</marc:subfield>
      </marc:datafield>
      <marc:datafield tag="700" ind1="1" ind2=" ">
         <marc:subfield code="a">Lindenmayer, David B.</marc:subfield>
         <marc:subfield code="e">author</marc:subfield>
         <marc:subfield code="u">Fenner School of Environment and Society, The Australian National
        University, Canberra, ACT 2601, Australia.</marc:subfield>
      </marc:datafield>
      <marc:datafield tag="773" ind1="0" ind2=" ">
         <marc:subfield code="t">Wildlife research.</marc:subfield>
         <marc:subfield code="g">2018 May, v. 45, no. 2 p.185-192</marc:subfield>
         <marc:subfield code="d">CSIRO Publishing</marc:subfield>
         <marc:subfield code="w">Journal:jnl3957321</marc:subfield>
         <marc:subfield code="x">1448-5494</marc:subfield>
         <marc:subfield code="7">nnas</marc:subfield>
      </marc:datafield>
      <marc:datafield tag="787" ind1="1" ind2=" ">
         <marc:subfield code="o">islandora_article_repository</marc:subfield>
      </marc:datafield>
      <marc:datafield tag="787" ind1="1" ind2=" ">
         <marc:subfield code="o">product_pubag</marc:subfield>
      </marc:datafield>
      <marc:datafield tag="787" ind1="1" ind2=" ">
         <marc:subfield code="o">(Journal)jnl3957321</marc:subfield>
      </marc:datafield>
      <marc:datafield tag="912" ind1=" " ind2=" ">
         <marc:subfield code="a">Article</marc:subfield>
      </marc:datafield>
      <marc:datafield tag="914" ind1=" " ind2=" ">
         <marc:subfield code="a">Journal:jnl3957321</marc:subfield>
         <marc:subfield code="b">1448-5494</marc:subfield>
         <marc:subfield code="c">45</marc:subfield>
         <marc:subfield code="d">2</marc:subfield>
         <marc:subfield code="e">185</marc:subfield>
      </marc:datafield>
      <marc:datafield tag="914" ind1=" " ind2=" ">
         <marc:subfield code="f">Wildlife research</marc:subfield>
      </marc:datafield>
      <marc:datafield tag="916" ind1=" " ind2=" ">
         <marc:subfield code="a">Batch:1992</marc:subfield>
      </marc:datafield>
      <marc:datafield tag="917" ind1=" " ind2=" ">
         <marc:subfield code="a">issued</marc:subfield>
      </marc:datafield>
      <marc:datafield tag="918" ind1="2" ind2=" ">
         <marc:subfield code="a">BioOne</marc:subfield>
         <marc:subfield code="e">provider</marc:subfield>
         <marc:subfield code="5">DNAL</marc:subfield>
      </marc:datafield>
      <marc:datafield tag="935" ind1=" " ind2=" ">
         <marc:subfield code="a">IND605951025</marc:subfield>
         <marc:subfield code="9">ExL</marc:subfield>
      </marc:datafield>
      <marc:datafield tag="949" ind1=" " ind2=" ">
         <marc:subfield code="a">2018-07-02</marc:subfield>
      </marc:datafield>
      <marc:datafield tag="953" ind1=" " ind2=" ">
         <marc:subfield code="a">/data/metadata/incoming/bioone/WILRv45i2-05140522-948248.zip</marc:subfield>
      </marc:datafield>
      <marc:datafield tag="954" ind1=" " ind2=" ">
         <marc:subfield code="a">file:/data/metadata/staging/bioone/wr17117.xml</marc:subfield>
      </marc:datafield>
      <marc:datafield tag="955" ind1=" " ind2=" ">
         <marc:subfield code="a">/data/metadata/staging/bioone/</marc:subfield>
      </marc:datafield>
      <marc:datafield tag="962" ind1=" " ind2=" ">
         <marc:subfield code="a">No DOI</marc:subfield>
      </marc:datafield>
      <marc:datafield tag="962" ind1=" " ind2=" ">
         <marc:subfield code="a">Batch:1992 reviewed on 2018-07-02T11:29:06Z</marc:subfield>
      </marc:datafield>
      <marc:datafield tag="974" ind1=" " ind2=" ">
         <marc:subfield code="a">agid:5951025</marc:subfield>
      </marc:datafield>
      <marc:datafield tag="983" ind1=" " ind2=" ">
         <marc:subfield code="a">2018-05-26</marc:subfield>
      </marc:datafield>
      <marc:datafield tag="984" ind1=" " ind2=" ">
         <marc:subfield code="a">2018-07-02</marc:subfield>
      </marc:datafield>
   </marc:record>