
   <marc:record>
      <marc:leader>03632nab a2200709 u 4500</marc:leader>
      <marc:controlfield tag="001">9916161083007426</marc:controlfield>
      <marc:controlfield tag="005">20221121233405.0</marc:controlfield>
      <marc:controlfield tag="008">160620e200911 xx |||||o|||||||||||eng||</marc:controlfield>
      <marc:datafield tag="016" ind1="7" ind2=" ">
         <marc:subfield code="a">IND44311936</marc:subfield>
         <marc:subfield code="2">DNAL</marc:subfield>
      </marc:datafield>
      <marc:datafield tag="024" ind1="7" ind2=" ">
         <marc:subfield code="a">10113/37629</marc:subfield>
         <marc:subfield code="2">hdl</marc:subfield>
      </marc:datafield>
      <marc:datafield tag="024" ind1="7" ind2=" ">
         <marc:subfield code="a">19967855</marc:subfield>
         <marc:subfield code="2">pmid</marc:subfield>
      </marc:datafield>
      <marc:datafield tag="024" ind1="7" ind2=" ">
         <marc:subfield code="a">10.1890/08-1380.1</marc:subfield>
         <marc:subfield code="2">doi</marc:subfield>
      </marc:datafield>
      <marc:datafield tag="035" ind1=" " ind2=" ">
         <marc:subfield code="a">agid:37629-01nal_inst</marc:subfield>
      </marc:datafield>
      <marc:datafield tag="040" ind1=" " ind2=" ">
         <marc:subfield code="a">AGL</marc:subfield>
         <marc:subfield code="b">eng</marc:subfield>
         <marc:subfield code="c">AGL</marc:subfield>
      </marc:datafield>
      <marc:datafield tag="100" ind1="1" ind2=" ">
         <marc:subfield code="a">Reinhart, Kurt O.</marc:subfield>
         <marc:subfield code="e">author</marc:subfield>
      </marc:datafield>
      <marc:datafield tag="245" ind1="1" ind2="0">
         <marc:subfield code="a">Spatial variation in soil‐borne disease dynamics of a temperate tree,
        Prunus serotina</marc:subfield>
      </marc:datafield>
      <marc:datafield tag="300" ind1=" " ind2=" ">
         <marc:subfield code="a">p. 2984-2993.</marc:subfield>
      </marc:datafield>
      <marc:datafield tag="500" ind1=" " ind2=" ">
         <marc:subfield code="a">JOURNAL ARTICLE</marc:subfield>
      </marc:datafield>
      <marc:datafield tag="520" ind1=" " ind2=" ">
         <marc:subfield code="a">Soil‐borne pathogens are posited to maintain forest diversity. However,
        their in situ impact and spatial variation are largely unknown. We examined spatial patterns
        of pathogenic activity in a deciduous forest using a common garden experiment and also in a
        natural experiment around replicated trees, and we quantified Pythium (a soil‐borne
        pathogen) density around individual Prunus serotina trees. In both experiments, P. serotina
        seedling survival was 52–57% greater in plots treated with a metalaxyl‐based fungicide
        specific to oomycetes (i.e., Pythium) than in untreated plots. Disease dynamics were not
        density dependent, but pathogenic activity and Pythium density were spatially variable. In
        the common garden and natural experiments, pathogenic activity of soil inoculum varied among
        trees, while in the natural experiment disease dynamics were also distance dependent and
        pathogenic activity decreased away from P. serotina trees. Disease and Pythium density were
        not always related but displayed considerable spatial variation. We found that Pythium
        density did not vary with distance away from P. serotina trees but did vary among trees.
        Understanding the spatial complexity of soil‐borne pathogens is critical to accurately
        characterizing their effects on populations and ultimately on forest diversity.</marc:subfield>
      </marc:datafield>
      <marc:datafield tag="592" ind1=" " ind2=" ">
         <marc:subfield code="a">Publisher supplied data</marc:subfield>
      </marc:datafield>
      <marc:datafield tag="593" ind1=" " ind2=" ">
         <marc:subfield code="a">PubAg article</marc:subfield>
      </marc:datafield>
      <marc:datafield tag="593" ind1=" " ind2=" ">
         <marc:subfield code="c">USDA submission</marc:subfield>
      </marc:datafield>
      <marc:datafield tag="650" ind1=" " ind2="3">
         <marc:subfield code="a">Pythium</marc:subfield>
      </marc:datafield>
      <marc:datafield tag="650" ind1=" " ind2="3">
         <marc:subfield code="a">temperate forests</marc:subfield>
      </marc:datafield>
      <marc:datafield tag="650" ind1=" " ind2="3">
         <marc:subfield code="a">forest trees</marc:subfield>
      </marc:datafield>
      <marc:datafield tag="650" ind1=" " ind2="3">
         <marc:subfield code="a">soil-borne diseases</marc:subfield>
      </marc:datafield>
      <marc:datafield tag="650" ind1=" " ind2="3">
         <marc:subfield code="a">plant pathogenic fungi</marc:subfield>
      </marc:datafield>
      <marc:datafield tag="650" ind1=" " ind2="3">
         <marc:subfield code="a">spatial variation</marc:subfield>
      </marc:datafield>
      <marc:datafield tag="650" ind1=" " ind2="3">
         <marc:subfield code="a">deciduous forests</marc:subfield>
      </marc:datafield>
      <marc:datafield tag="650" ind1=" " ind2="3">
         <marc:subfield code="a">Prunus serotina</marc:subfield>
      </marc:datafield>
      <marc:datafield tag="650" ind1=" " ind2="3">
         <marc:subfield code="a">seedlings</marc:subfield>
      </marc:datafield>
      <marc:datafield tag="650" ind1=" " ind2="3">
         <marc:subfield code="a">mortality</marc:subfield>
      </marc:datafield>
      <marc:datafield tag="650" ind1=" " ind2="3">
         <marc:subfield code="a">metalaxyl</marc:subfield>
      </marc:datafield>
      <marc:datafield tag="650" ind1=" " ind2="2">
         <marc:subfield code="a">Ecosystem</marc:subfield>
      </marc:datafield>
      <marc:datafield tag="650" ind1=" " ind2="2">
         <marc:subfield code="a">Host-Pathogen Interactions</marc:subfield>
      </marc:datafield>
      <marc:datafield tag="650" ind1=" " ind2="2">
         <marc:subfield code="a">Plant Diseases</marc:subfield>
         <marc:subfield code="x">microbiology</marc:subfield>
      </marc:datafield>
      <marc:datafield tag="650" ind1=" " ind2="2">
         <marc:subfield code="a">Prunus</marc:subfield>
         <marc:subfield code="x">microbiology</marc:subfield>
      </marc:datafield>
      <marc:datafield tag="650" ind1=" " ind2="2">
         <marc:subfield code="a">Pythium</marc:subfield>
         <marc:subfield code="x">physiology</marc:subfield>
      </marc:datafield>
      <marc:datafield tag="650" ind1=" " ind2="2">
         <marc:subfield code="a">Soil Microbiology</marc:subfield>
      </marc:datafield>
      <marc:datafield tag="651" ind1=" " ind2="3">
         <marc:subfield code="a">Indiana</marc:subfield>
      </marc:datafield>
      <marc:datafield tag="700" ind1="1" ind2=" ">
         <marc:subfield code="a">Clay, Keith</marc:subfield>
         <marc:subfield code="e">author</marc:subfield>
         <marc:subfield code="u">Indiana University, Department of Biology, Bloomington, Indiana 47405-3700
        USA</marc:subfield>
      </marc:datafield>
      <marc:datafield tag="773" ind1="0" ind2=" ">
         <marc:subfield code="t">Ecology.</marc:subfield>
         <marc:subfield code="g">2009 Nov., v. 90, no. 11 p.2984-2993</marc:subfield>
         <marc:subfield code="d">Ecological Society of America</marc:subfield>
         <marc:subfield code="x">0012-9658</marc:subfield>
         <marc:subfield code="7">nnas</marc:subfield>
      </marc:datafield>
      <marc:datafield tag="787" ind1="1" ind2=" ">
         <marc:subfield code="o">product_pubag</marc:subfield>
      </marc:datafield>
      <marc:datafield tag="787" ind1="1" ind2=" ">
         <marc:subfield code="o">islandora_article_repository</marc:subfield>
      </marc:datafield>
      <marc:datafield tag="787" ind1="1" ind2=" ">
         <marc:subfield code="o">islandora_pubag_with_text</marc:subfield>
      </marc:datafield>
      <marc:datafield tag="787" ind1="1" ind2=" ">
         <marc:subfield code="o">(Journal)jnl46164</marc:subfield>
      </marc:datafield>
      <marc:datafield tag="852" ind1=" " ind2=" ">
         <marc:subfield code="a">DNAL</marc:subfield>
      </marc:datafield>
      <marc:datafield tag="856" ind1="4" ind2="0">
         <marc:subfield code="u">https://handle.nal.usda.gov/10113/37629</marc:subfield>
         <marc:subfield code="3">Available in the National Agricultural Library PubAg search
        system</marc:subfield>
      </marc:datafield>
      <marc:datafield tag="856" ind1="4" ind2="0">
         <marc:subfield code="u">http://dx.doi.org/10.1890/08-1380.1</marc:subfield>
         <marc:subfield code="3">Available from publisher's site</marc:subfield>
      </marc:datafield>
      <marc:datafield tag="912" ind1=" " ind2=" ">
         <marc:subfield code="a">Article</marc:subfield>
      </marc:datafield>
      <marc:datafield tag="914" ind1=" " ind2=" ">
         <marc:subfield code="a">Journal:jnl46164</marc:subfield>
         <marc:subfield code="b">0012-9658</marc:subfield>
         <marc:subfield code="c">90</marc:subfield>
         <marc:subfield code="d">11</marc:subfield>
         <marc:subfield code="e">2984</marc:subfield>
      </marc:datafield>
      <marc:datafield tag="914" ind1=" " ind2=" ">
         <marc:subfield code="f">Ecology</marc:subfield>
      </marc:datafield>
      <marc:datafield tag="917" ind1=" " ind2=" ">
         <marc:subfield code="a">issued</marc:subfield>
      </marc:datafield>
      <marc:datafield tag="918" ind1="2" ind2=" ">
         <marc:subfield code="a">John Wiley &amp; Sons, Inc</marc:subfield>
         <marc:subfield code="e">provider</marc:subfield>
         <marc:subfield code="5">DNAL</marc:subfield>
      </marc:datafield>
      <marc:datafield tag="935" ind1=" " ind2=" ">
         <marc:subfield code="a">IND44311936</marc:subfield>
         <marc:subfield code="9">ExL</marc:subfield>
      </marc:datafield>
      <marc:datafield tag="949" ind1=" " ind2=" ">
         <marc:subfield code="a">2014-07-17</marc:subfield>
      </marc:datafield>
      <marc:datafield tag="953" ind1=" " ind2=" ">
         <marc:subfield code="a">00129658_2009_90_11.xml</marc:subfield>
      </marc:datafield>
      <marc:datafield tag="961" ind1=" " ind2=" ">
         <marc:subfield code="a">USDA/ARS</marc:subfield>
      </marc:datafield>
      <marc:datafield tag="974" ind1=" " ind2=" ">
         <marc:subfield code="a">agid:37629</marc:subfield>
      </marc:datafield>
      <marc:datafield tag="983" ind1=" " ind2=" ">
         <marc:subfield code="a">2016-06-20</marc:subfield>
      </marc:datafield>
      <marc:datafield tag="984" ind1=" " ind2=" ">
         <marc:subfield code="a">2016-06-20</marc:subfield>
      </marc:datafield>
      <marc:datafield tag="986" ind1=" " ind2=" ">
         <marc:subfield code="a">4311936</marc:subfield>
      </marc:datafield>
   </marc:record>