
   <marc:record>
      <marc:leader>03161nab a2200373 u 4500</marc:leader>
      <marc:controlfield tag="001">9916161116107426</marc:controlfield>
      <marc:controlfield tag="005">20221122042236.0</marc:controlfield>
      <marc:controlfield tag="008">151126e200607 xx |||||o|||||||||||eng||</marc:controlfield>
      <marc:datafield tag="016" ind1="7" ind2=" ">
         <marc:subfield code="a">IND601297866</marc:subfield>
         <marc:subfield code="2">DNAL</marc:subfield>
      </marc:datafield>
      <marc:datafield tag="024" ind1="7" ind2=" ">
         <marc:subfield code="a">10.1353/psc.2006.0018</marc:subfield>
         <marc:subfield code="2">doi</marc:subfield>
      </marc:datafield>
      <marc:datafield tag="035" ind1=" " ind2=" ">
         <marc:subfield code="a">agid:1297866-01nal_inst</marc:subfield>
      </marc:datafield>
      <marc:datafield tag="040" ind1=" " ind2=" ">
         <marc:subfield code="a">AGL</marc:subfield>
         <marc:subfield code="b">eng</marc:subfield>
         <marc:subfield code="c">AGL</marc:subfield>
      </marc:datafield>
      <marc:datafield tag="100" ind1="1" ind2=" ">
         <marc:subfield code="a">Seamon, Joshua O.</marc:subfield>
         <marc:subfield code="e">author</marc:subfield>
      </marc:datafield>
      <marc:datafield tag="245" ind1="1" ind2="0">
         <marc:subfield code="a">Conservation Value of Remnant Forest Patches: Tree Composition, Spatial
        Patterns, and Recruitment in the Ottoville Lowland Forest, American Samoa1</marc:subfield>
      </marc:datafield>
      <marc:datafield tag="300" ind1=" " ind2=" ">
         <marc:subfield code="a">p. 319-332.</marc:subfield>
      </marc:datafield>
      <marc:datafield tag="520" ind1=" " ind2=" ">
         <marc:subfield code="a">Native forests increasingly have been reduced to remnant fragments on many
        Pacific islands. Island and continental ecosystems differ in a number of ways that may
        increase conservation value of such forest fragments on islands. However, few studies have
        examined performance of tree populations in Polynesian forest fragments. We tested potential
        conservation value of the largest contiguous patch of lowland lava flow forest on Tutuila,
        American Samoa, by determining uniqueness, potential vulnerability, and possible viability
        of the tree community therein. We recorded 1,186 trees ≥≥ 10 cm dbh (diameter at breast
        height) from 37 species in 12 transects (each 10 m wide) running from edge to edge across
        the forest, as well as 1,332 seedlings and 991 saplings within 62 miniplots (each 25 m²).
        Locations within the forest of all 462 trees ≥≥ 30 cm dbh, of the 10 most dominant species,
        were then plotted. The most dominant tree species was Pometia pinnata. Similarity indices
        between the study site and other protected forests on Tutuila were very low. Spatial
        distributions and abundances of adult trees, as well as the dispersed distribution of
        seedlings and saplings, suggested low vulnerability to spatially discrete disturbances. We
        found evidence of potential edge effects in seedling distributions of two species.
        Abundances of seedlings and saplings indicated a high potential for continued recruitment of
        characteristic tree species. Species composition of these recruits is largely composed of
        characteristic primary forest species rather than secondary forest or invasive species.
        These results show that even very small forest fragments may have substantial value for
        conservation, because they can combine high within-island uniqueness with a relatively high
        likelihood of persistence if left undisturbed.</marc:subfield>
      </marc:datafield>
      <marc:datafield tag="592" ind1=" " ind2=" ">
         <marc:subfield code="a">Publisher supplied data</marc:subfield>
      </marc:datafield>
      <marc:datafield tag="700" ind1="1" ind2=" ">
         <marc:subfield code="a">Mann, Sheri S.</marc:subfield>
         <marc:subfield code="e">author</marc:subfield>
      </marc:datafield>
      <marc:datafield tag="700" ind1="1" ind2=" ">
         <marc:subfield code="a">Steele, Orlo C.</marc:subfield>
         <marc:subfield code="e">author</marc:subfield>
      </marc:datafield>
      <marc:datafield tag="700" ind1="1" ind2=" ">
         <marc:subfield code="a">Utzurrum, Ruth C. B.</marc:subfield>
         <marc:subfield code="e">author</marc:subfield>
      </marc:datafield>
      <marc:datafield tag="773" ind1="0" ind2=" ">
         <marc:subfield code="t">Pacific science.</marc:subfield>
         <marc:subfield code="g">2006 July, v. 60, no. 3 p.319-332</marc:subfield>
         <marc:subfield code="d">University of Hawai'i Press</marc:subfield>
         <marc:subfield code="x">1534-6188</marc:subfield>
         <marc:subfield code="7">nnas</marc:subfield>
      </marc:datafield>
      <marc:datafield tag="787" ind1="1" ind2=" ">
         <marc:subfield code="o">islandora_article_repository</marc:subfield>
      </marc:datafield>
      <marc:datafield tag="787" ind1="1" ind2=" ">
         <marc:subfield code="o">(Journal)19251</marc:subfield>
      </marc:datafield>
      <marc:datafield tag="856" ind1="4" ind2="0">
         <marc:subfield code="u">http://dx.doi.org/10.1353%2Fpsc.2006.0018</marc:subfield>
         <marc:subfield code="3">Available from publisher's site</marc:subfield>
      </marc:datafield>
      <marc:datafield tag="912" ind1=" " ind2=" ">
         <marc:subfield code="a">Article</marc:subfield>
      </marc:datafield>
      <marc:datafield tag="914" ind1=" " ind2=" ">
         <marc:subfield code="a">Journal:19251</marc:subfield>
         <marc:subfield code="b">1534-6188</marc:subfield>
         <marc:subfield code="c">60</marc:subfield>
         <marc:subfield code="d">3</marc:subfield>
         <marc:subfield code="e">319</marc:subfield>
      </marc:datafield>
      <marc:datafield tag="914" ind1=" " ind2=" ">
         <marc:subfield code="f">Pacific science</marc:subfield>
      </marc:datafield>
      <marc:datafield tag="917" ind1=" " ind2=" ">
         <marc:subfield code="a">hold</marc:subfield>
      </marc:datafield>
      <marc:datafield tag="918" ind1="2" ind2=" ">
         <marc:subfield code="a">BioOne</marc:subfield>
         <marc:subfield code="e">provider</marc:subfield>
         <marc:subfield code="5">DNAL</marc:subfield>
      </marc:datafield>
      <marc:datafield tag="935" ind1=" " ind2=" ">
         <marc:subfield code="a">IND601297866</marc:subfield>
         <marc:subfield code="9">ExL</marc:subfield>
      </marc:datafield>
      <marc:datafield tag="953" ind1=" " ind2=" ">
         <marc:subfield code="a">PASCv60i3-04282245-174102.zip</marc:subfield>
      </marc:datafield>
      <marc:datafield tag="974" ind1=" " ind2=" ">
         <marc:subfield code="a">agid:1297866</marc:subfield>
      </marc:datafield>
      <marc:datafield tag="983" ind1=" " ind2=" ">
         <marc:subfield code="a">2015-11-26</marc:subfield>
      </marc:datafield>
      <marc:datafield tag="984" ind1=" " ind2=" ">
         <marc:subfield code="a">2015-11-26</marc:subfield>
      </marc:datafield>
   </marc:record>