
   <marc:record>
      <marc:leader>04532nab a2200673 u 4500</marc:leader>
      <marc:controlfield tag="001">9916161748807426</marc:controlfield>
      <marc:controlfield tag="005">20221120080034.0</marc:controlfield>
      <marc:controlfield tag="008">220811e201707 xx |||||o|||||||||||eng||</marc:controlfield>
      <marc:datafield tag="016" ind1="7" ind2=" ">
         <marc:subfield code="a">IND607879842</marc:subfield>
         <marc:subfield code="2">DNAL</marc:subfield>
      </marc:datafield>
      <marc:datafield tag="024" ind1="7" ind2=" ">
         <marc:subfield code="a">10.1002/2017WR020455</marc:subfield>
         <marc:subfield code="2">doi</marc:subfield>
      </marc:datafield>
      <marc:datafield tag="035" ind1=" " ind2=" ">
         <marc:subfield code="a">agid:7879842-01nal_inst</marc:subfield>
      </marc:datafield>
      <marc:datafield tag="040" ind1=" " ind2=" ">
         <marc:subfield code="a">AGL</marc:subfield>
         <marc:subfield code="b">eng</marc:subfield>
         <marc:subfield code="c">AGL</marc:subfield>
      </marc:datafield>
      <marc:datafield tag="100" ind1="1" ind2=" ">
         <marc:subfield code="a">Johnson, Zachary C.</marc:subfield>
         <marc:subfield code="e">author</marc:subfield>
         <marc:subfield code="u">U.S. Geological Survey, Leetown Science Center, Kearneysville, West
        Virginia, USA</marc:subfield>
         <marc:subfield code="1">https://orcid.org/0000-0002-0149-5223</marc:subfield>
      </marc:datafield>
      <marc:datafield tag="245" ind1="1" ind2="0">
         <marc:subfield code="a">Landform features and seasonal precipitation predict shallow groundwater
        influence on temperature in headwater streams</marc:subfield>
      </marc:datafield>
      <marc:datafield tag="300" ind1=" " ind2=" ">
         <marc:subfield code="a">p. 5788-5812.</marc:subfield>
      </marc:datafield>
      <marc:datafield tag="500" ind1=" " ind2=" ">
         <marc:subfield code="a">JOURNAL ARTICLE</marc:subfield>
      </marc:datafield>
      <marc:datafield tag="520" ind1=" " ind2=" ">
         <marc:subfield code="a">Headwater stream responses to climate change will depend in part on
        groundwater‐surface water exchanges. We used linear modeling techniques to partition likely
        effects of shallow groundwater seepage and air temperature on stream temperatures for 79
        sites in nine focal watersheds using hourly air and water temperature measurements collected
        during summer months from 2012 to 2015 in Shenandoah National Park, Virginia, USA. Shallow
        groundwater effects exhibited more variation within watersheds than between them, indicating
        the importance of reach‐scale assessments and the limited capacity to extrapolate upstream
        groundwater influences from downstream measurements. Boosted regression tree (BRT) models
        revealed intricate interactions among geomorphological landform features (stream slope,
        elevation, network length, contributing area, and channel confinement) and seasonal
        precipitation patterns (winter, spring, and summer months) that together were robust
        predictors of spatial and temporal variation in groundwater influence on stream
        temperatures. The final BRT model performed well for training data and cross‐validated
        samples (correlation = 0.984 and 0.760, respectively). Geomorphological and precipitation
        predictors of groundwater influence varied in their importance between watersheds,
        suggesting differences in spatial and temporal controls of recharge dynamics and the depth
        of the groundwater source. We demonstrate an application of the final BRT model to predict
        groundwater effects from landform and precipitation covariates at 1075 new sites distributed
        at 100 m increments within focal watersheds. Our study provides a framework to estimate
        effects of groundwater seepage on stream temperature in unsampled locations. We discuss
        applications for climate change research to account for groundwater‐surface water
        interactions when projecting future thermal thresholds for stream biota.</marc:subfield>
      </marc:datafield>
      <marc:datafield tag="592" ind1=" " ind2=" ">
         <marc:subfield code="a">Publisher supplied data</marc:subfield>
      </marc:datafield>
      <marc:datafield tag="593" ind1=" " ind2=" ">
         <marc:subfield code="a">PubAg article</marc:subfield>
      </marc:datafield>
      <marc:datafield tag="596" ind1=" " ind2=" ">
         <marc:subfield code="c">U.S. Geological Survey (USGS) National Resource Preservation
        Program</marc:subfield>
      </marc:datafield>
      <marc:datafield tag="596" ind1=" " ind2=" ">
         <marc:subfield code="c">USGS Postdoctoral Research Program</marc:subfield>
      </marc:datafield>
      <marc:datafield tag="596" ind1=" " ind2=" ">
         <marc:subfield code="c">USGS Chesapeake Bay studies</marc:subfield>
      </marc:datafield>
      <marc:datafield tag="650" ind1=" " ind2="3">
         <marc:subfield code="a">air</marc:subfield>
      </marc:datafield>
      <marc:datafield tag="650" ind1=" " ind2="3">
         <marc:subfield code="a">air temperature</marc:subfield>
      </marc:datafield>
      <marc:datafield tag="650" ind1=" " ind2="3">
         <marc:subfield code="a">climate change</marc:subfield>
      </marc:datafield>
      <marc:datafield tag="650" ind1=" " ind2="3">
         <marc:subfield code="a">groundwater</marc:subfield>
      </marc:datafield>
      <marc:datafield tag="650" ind1=" " ind2="3">
         <marc:subfield code="a">landforms</marc:subfield>
      </marc:datafield>
      <marc:datafield tag="650" ind1=" " ind2="3">
         <marc:subfield code="a">national parks</marc:subfield>
      </marc:datafield>
      <marc:datafield tag="650" ind1=" " ind2="3">
         <marc:subfield code="a">regression analysis</marc:subfield>
      </marc:datafield>
      <marc:datafield tag="650" ind1=" " ind2="3">
         <marc:subfield code="a">research</marc:subfield>
      </marc:datafield>
      <marc:datafield tag="650" ind1=" " ind2="3">
         <marc:subfield code="a">seepage</marc:subfield>
      </marc:datafield>
      <marc:datafield tag="650" ind1=" " ind2="3">
         <marc:subfield code="a">spring</marc:subfield>
      </marc:datafield>
      <marc:datafield tag="650" ind1=" " ind2="3">
         <marc:subfield code="a">streams</marc:subfield>
      </marc:datafield>
      <marc:datafield tag="650" ind1=" " ind2="3">
         <marc:subfield code="a">summer</marc:subfield>
      </marc:datafield>
      <marc:datafield tag="650" ind1=" " ind2="3">
         <marc:subfield code="a">temporal variation</marc:subfield>
      </marc:datafield>
      <marc:datafield tag="650" ind1=" " ind2="3">
         <marc:subfield code="a">water temperature</marc:subfield>
      </marc:datafield>
      <marc:datafield tag="650" ind1=" " ind2="3">
         <marc:subfield code="a">winter</marc:subfield>
      </marc:datafield>
      <marc:datafield tag="651" ind1=" " ind2="3">
         <marc:subfield code="a">Virginia</marc:subfield>
      </marc:datafield>
      <marc:datafield tag="700" ind1="1" ind2=" ">
         <marc:subfield code="a">Snyder, Craig D.</marc:subfield>
         <marc:subfield code="e">author</marc:subfield>
         <marc:subfield code="u">U.S. Geological Survey, Leetown Science Center, Kearneysville, West
        Virginia, USA</marc:subfield>
         <marc:subfield code="1">https://orcid.org/0000-0002-3448-597X</marc:subfield>
      </marc:datafield>
      <marc:datafield tag="700" ind1="1" ind2=" ">
         <marc:subfield code="a">Hitt, Nathaniel P.</marc:subfield>
         <marc:subfield code="e">author</marc:subfield>
         <marc:subfield code="u">U.S. Geological Survey, Leetown Science Center, Kearneysville, West
        Virginia, USA</marc:subfield>
         <marc:subfield code="1">https://orcid.org/0000-0002-1046-4568</marc:subfield>
      </marc:datafield>
      <marc:datafield tag="773" ind1="0" ind2=" ">
         <marc:subfield code="t">Water resources research.</marc:subfield>
         <marc:subfield code="g">2017 July, v. 53, no. 7 p.5788-5812</marc:subfield>
         <marc:subfield code="d">John Wiley &amp; Sons, Ltd</marc:subfield>
         <marc:subfield code="w">Journal:jnl46306</marc:subfield>
         <marc:subfield code="x">0043-1397</marc:subfield>
         <marc:subfield code="7">nnas</marc:subfield>
      </marc:datafield>
      <marc:datafield tag="787" ind1="1" ind2=" ">
         <marc:subfield code="o">islandora_article_repository</marc:subfield>
      </marc:datafield>
      <marc:datafield tag="787" ind1="1" ind2=" ">
         <marc:subfield code="o">product_pubag</marc:subfield>
      </marc:datafield>
      <marc:datafield tag="787" ind1="1" ind2=" ">
         <marc:subfield code="o">(Journal)jnl46306</marc:subfield>
      </marc:datafield>
      <marc:datafield tag="856" ind1="4" ind2="0">
         <marc:subfield code="u">https://dx.doi.org/10.1002/2017WR020455</marc:subfield>
         <marc:subfield code="3">Available from publisher's site</marc:subfield>
      </marc:datafield>
      <marc:datafield tag="912" ind1=" " ind2=" ">
         <marc:subfield code="a">Article</marc:subfield>
      </marc:datafield>
      <marc:datafield tag="914" ind1=" " ind2=" ">
         <marc:subfield code="a">Journal:jnl46306</marc:subfield>
         <marc:subfield code="b">0043-1397</marc:subfield>
         <marc:subfield code="c">53</marc:subfield>
         <marc:subfield code="d">7</marc:subfield>
         <marc:subfield code="e">5788</marc:subfield>
      </marc:datafield>
      <marc:datafield tag="914" ind1=" " ind2=" ">
         <marc:subfield code="f">Water resources research</marc:subfield>
      </marc:datafield>
      <marc:datafield tag="917" ind1=" " ind2=" ">
         <marc:subfield code="a">issued</marc:subfield>
      </marc:datafield>
      <marc:datafield tag="918" ind1="2" ind2=" ">
         <marc:subfield code="a">John Wiley &amp; Sons, Inc</marc:subfield>
         <marc:subfield code="e">provider</marc:subfield>
         <marc:subfield code="5">DNAL</marc:subfield>
      </marc:datafield>
      <marc:datafield tag="935" ind1=" " ind2=" ">
         <marc:subfield code="a">IND607879842</marc:subfield>
         <marc:subfield code="9">ExL</marc:subfield>
      </marc:datafield>
      <marc:datafield tag="949" ind1=" " ind2=" ">
         <marc:subfield code="a">2022-08-11</marc:subfield>
      </marc:datafield>
      <marc:datafield tag="952" ind1=" " ind2=" ">
         <marc:subfield code="d">NAL-AP-2-clean</marc:subfield>
      </marc:datafield>
      <marc:datafield tag="953" ind1=" " ind2=" ">
         <marc:subfield code="a">/data/metadata/incoming/wiley/00431397_2017_53_7.xml</marc:subfield>
      </marc:datafield>
      <marc:datafield tag="954" ind1=" " ind2=" ">
         <marc:subfield code="a">file:/data/metadata/staging/wiley/00431397_2017_53_7.xml</marc:subfield>
      </marc:datafield>
      <marc:datafield tag="955" ind1=" " ind2=" ">
         <marc:subfield code="a">/data/metadata/staging/wiley/</marc:subfield>
      </marc:datafield>
      <marc:datafield tag="974" ind1=" " ind2=" ">
         <marc:subfield code="a">agid:7879842</marc:subfield>
      </marc:datafield>
      <marc:datafield tag="983" ind1=" " ind2=" ">
         <marc:subfield code="a">2022-08-11</marc:subfield>
      </marc:datafield>
      <marc:datafield tag="984" ind1=" " ind2=" ">
         <marc:subfield code="a">2022-08-11</marc:subfield>
      </marc:datafield>
   </marc:record>