
   <marc:record>
      <marc:leader>05163nab a2200733 u 4500</marc:leader>
      <marc:controlfield tag="001">9916162352407426</marc:controlfield>
      <marc:controlfield tag="005">20221120171757.0</marc:controlfield>
      <marc:controlfield tag="008">210105e20190115xx |||||o|||||||||||eng||</marc:controlfield>
      <marc:datafield tag="016" ind1="7" ind2=" ">
         <marc:subfield code="a">IND606145132</marc:subfield>
         <marc:subfield code="2">DNAL</marc:subfield>
      </marc:datafield>
      <marc:datafield tag="024" ind1="7" ind2=" ">
         <marc:subfield code="a">10.1016/j.foreco.2018.09.016</marc:subfield>
         <marc:subfield code="2">doi</marc:subfield>
      </marc:datafield>
      <marc:datafield tag="035" ind1=" " ind2=" ">
         <marc:subfield code="a">agid:6145132-01nal_inst</marc:subfield>
      </marc:datafield>
      <marc:datafield tag="040" ind1=" " ind2=" ">
         <marc:subfield code="a">AGL</marc:subfield>
         <marc:subfield code="b">eng</marc:subfield>
         <marc:subfield code="c">AGL</marc:subfield>
      </marc:datafield>
      <marc:datafield tag="100" ind1="1" ind2=" ">
         <marc:subfield code="a">Neophytou, Charalambos</marc:subfield>
         <marc:subfield code="e">author</marc:subfield>
         <marc:subfield code="u">Forest Research Institute of Baden-Württemberg (FVA-BW), Wonnhaldestr. 4,
        D-79100 Freiburg, Germany</marc:subfield>
         <marc:subfield code="1">https://orcid.org/0000-0003-1383-6942</marc:subfield>
      </marc:datafield>
      <marc:datafield tag="245" ind1="1" ind2="0">
         <marc:subfield code="a">Western and eastern post-glacial migration pathways shape the genetic
        structure of sycamore maple (Acer pseudoplatanus L.) in Germany</marc:subfield>
      </marc:datafield>
      <marc:datafield tag="300" ind1=" " ind2=" ">
         <marc:subfield code="a">p. 83-93.</marc:subfield>
      </marc:datafield>
      <marc:datafield tag="520" ind1=" " ind2=" ">
         <marc:subfield code="a">Sycamore maple (Acer pseudoplatanus L.) is a broadleaved forest tree
        species mainly occurring in mountainous areas of Europe, preferring fresh to moist, deep,
        calcareous soils. As was the case with other important forest tree species, sycamore maple
        was absent from the area north of the Alps during the last ice age. Therefore, we
        investigated the origin of sycamore maple in this area and its genetic variation across the
        landscape as the result of its postglacial migration into this area. We compared our results
        with the current delineation of sycamore maple into regions of provenance in Germany.
        Altogether 1043 trees from Germany, but also, in few cases, from bordering countries, were
        analysed using 11 nuclear and one chloroplast microsatellite (SSR) markers. Both the
        analysis of chloroplast (cpDNA) haplotypes and the Bayesian cluster analysis based on
        nuclear SSR data revealed distinct genetic structures of sycamore maple in Germany,
        suggesting more than one origin. The spatial distribution of a particular cpDNA haplotype
        (haplotype ‘105’) might be the result of a migration event with an eastern origin, probably
        along the Eastern Alps, which could have occurred during the Holocene. The other haplotype
        (haplotype ‘102’) might be of (south-) western origin, representing a migration pathway
        along the Western Alps. This hypothesis is further supported by a Bayesian cluster analysis
        based on nuclear SSRs. We identified two clusters, one distributed in the western part of
        the study area and one in the eastern. Between them, a zone of genetic introgression occurs,
        where populations exhibit a mixed membership to both clusters. This zone of genetic
        admixture is narrower in the south. An analysis of the landscape shape confirms that average
        genetic differentiation per distance unit is higher in the south. This is also in agreement
        with higher genetic distances between regions of provenance in the south. The mountainous
        landscape of this region could have contributed to this higher genetic differentiation, by
        posing geographic barriers to gene flow. On the contrary, wide-scale seed movement, also
        beyond the limit of native range, as well as a flat relief could have resulted in a wider
        zone of admixture in the north. Based on our results, we argue that the current delineation
        of provenance regions for sycamore maple in Germany fits to the inferred patterns of genetic
        differentiation.</marc:subfield>
      </marc:datafield>
      <marc:datafield tag="592" ind1=" " ind2=" ">
         <marc:subfield code="a">Publisher supplied data</marc:subfield>
      </marc:datafield>
      <marc:datafield tag="593" ind1=" " ind2=" ">
         <marc:subfield code="a">PubAg article</marc:subfield>
      </marc:datafield>
      <marc:datafield tag="650" ind1=" " ind2="3">
         <marc:subfield code="a">Acer pseudoplatanus</marc:subfield>
      </marc:datafield>
      <marc:datafield tag="650" ind1=" " ind2="3">
         <marc:subfield code="a">Bayesian theory</marc:subfield>
      </marc:datafield>
      <marc:datafield tag="650" ind1=" " ind2="3">
         <marc:subfield code="a">calcareous soils</marc:subfield>
      </marc:datafield>
      <marc:datafield tag="650" ind1=" " ind2="3">
         <marc:subfield code="a">chloroplast DNA</marc:subfield>
      </marc:datafield>
      <marc:datafield tag="650" ind1=" " ind2="3">
         <marc:subfield code="a">chloroplasts</marc:subfield>
      </marc:datafield>
      <marc:datafield tag="650" ind1=" " ind2="3">
         <marc:subfield code="a">cluster analysis</marc:subfield>
      </marc:datafield>
      <marc:datafield tag="650" ind1=" " ind2="3">
         <marc:subfield code="a">deciduous forests</marc:subfield>
      </marc:datafield>
      <marc:datafield tag="650" ind1=" " ind2="3">
         <marc:subfield code="a">forest trees</marc:subfield>
      </marc:datafield>
      <marc:datafield tag="650" ind1=" " ind2="3">
         <marc:subfield code="a">gene flow</marc:subfield>
      </marc:datafield>
      <marc:datafield tag="650" ind1=" " ind2="3">
         <marc:subfield code="a">genetic distance</marc:subfield>
      </marc:datafield>
      <marc:datafield tag="650" ind1=" " ind2="3">
         <marc:subfield code="a">genetic variation</marc:subfield>
      </marc:datafield>
      <marc:datafield tag="650" ind1=" " ind2="3">
         <marc:subfield code="a">haplotypes</marc:subfield>
      </marc:datafield>
      <marc:datafield tag="650" ind1=" " ind2="3">
         <marc:subfield code="a">introgression</marc:subfield>
      </marc:datafield>
      <marc:datafield tag="650" ind1=" " ind2="3">
         <marc:subfield code="a">landscapes</marc:subfield>
      </marc:datafield>
      <marc:datafield tag="650" ind1=" " ind2="3">
         <marc:subfield code="a">microsatellite repeats</marc:subfield>
      </marc:datafield>
      <marc:datafield tag="650" ind1=" " ind2="3">
         <marc:subfield code="a">mountains</marc:subfield>
      </marc:datafield>
      <marc:datafield tag="650" ind1=" " ind2="3">
         <marc:subfield code="a">provenance</marc:subfield>
      </marc:datafield>
      <marc:datafield tag="651" ind1=" " ind2="3">
         <marc:subfield code="a">Alps region</marc:subfield>
      </marc:datafield>
      <marc:datafield tag="651" ind1=" " ind2="3">
         <marc:subfield code="a">Germany</marc:subfield>
      </marc:datafield>
      <marc:datafield tag="653" ind1=" " ind2="0">
         <marc:subfield code="a">Sycamore maple</marc:subfield>
      </marc:datafield>
      <marc:datafield tag="653" ind1=" " ind2="0">
         <marc:subfield code="a">Genetic structure</marc:subfield>
      </marc:datafield>
      <marc:datafield tag="653" ind1=" " ind2="0">
         <marc:subfield code="a">Origin</marc:subfield>
      </marc:datafield>
      <marc:datafield tag="653" ind1=" " ind2="0">
         <marc:subfield code="a">Microsatellites</marc:subfield>
      </marc:datafield>
      <marc:datafield tag="653" ind1=" " ind2="0">
         <marc:subfield code="a">Post-glacial migration</marc:subfield>
      </marc:datafield>
      <marc:datafield tag="653" ind1=" " ind2="0">
         <marc:subfield code="a">Introgression</marc:subfield>
      </marc:datafield>
      <marc:datafield tag="700" ind1="1" ind2=" ">
         <marc:subfield code="a">Konnert, Monika</marc:subfield>
         <marc:subfield code="e">author</marc:subfield>
         <marc:subfield code="u">Bavarian Office for Forest Seeding and Planting (ASP), Forstamtsplatz 1,
        D-83317 Teisendorf, Germany</marc:subfield>
      </marc:datafield>
      <marc:datafield tag="700" ind1="1" ind2=" ">
         <marc:subfield code="a">Fussi, Barbara</marc:subfield>
         <marc:subfield code="e">author</marc:subfield>
         <marc:subfield code="u">Bavarian Office for Forest Seeding and Planting (ASP), Forstamtsplatz 1,
        D-83317 Teisendorf, Germany</marc:subfield>
      </marc:datafield>
      <marc:datafield tag="773" ind1="0" ind2=" ">
         <marc:subfield code="t">Forest ecology and management.</marc:subfield>
         <marc:subfield code="g">2019 Jan. 15, v. 432 p.83-93</marc:subfield>
         <marc:subfield code="d">Elsevier B.V.</marc:subfield>
         <marc:subfield code="w">Journal:jnl9013</marc:subfield>
         <marc:subfield code="x">0378-1127</marc:subfield>
         <marc:subfield code="7">nnas</marc:subfield>
      </marc:datafield>
      <marc:datafield tag="787" ind1="1" ind2=" ">
         <marc:subfield code="o">islandora_article_repository</marc:subfield>
      </marc:datafield>
      <marc:datafield tag="787" ind1="1" ind2=" ">
         <marc:subfield code="o">product_pubag</marc:subfield>
      </marc:datafield>
      <marc:datafield tag="787" ind1="1" ind2=" ">
         <marc:subfield code="o">(Journal)jnl9013</marc:subfield>
      </marc:datafield>
      <marc:datafield tag="856" ind1="4" ind2="0">
         <marc:subfield code="u">https://dx.doi.org/10.1016/j.foreco.2018.09.016</marc:subfield>
         <marc:subfield code="3">Available from publisher's site</marc:subfield>
      </marc:datafield>
      <marc:datafield tag="912" ind1=" " ind2=" ">
         <marc:subfield code="a">Article</marc:subfield>
      </marc:datafield>
      <marc:datafield tag="914" ind1=" " ind2=" ">
         <marc:subfield code="a">Journal:jnl9013</marc:subfield>
         <marc:subfield code="b">0378-1127</marc:subfield>
         <marc:subfield code="c">432</marc:subfield>
         <marc:subfield code="e">83</marc:subfield>
      </marc:datafield>
      <marc:datafield tag="914" ind1=" " ind2=" ">
         <marc:subfield code="f">Forest ecology and management</marc:subfield>
      </marc:datafield>
      <marc:datafield tag="916" ind1=" " ind2=" ">
         <marc:subfield code="a">Batch:2092</marc:subfield>
      </marc:datafield>
      <marc:datafield tag="917" ind1=" " ind2=" ">
         <marc:subfield code="a">issued</marc:subfield>
      </marc:datafield>
      <marc:datafield tag="918" ind1="2" ind2=" ">
         <marc:subfield code="a">Elsevier Consyn</marc:subfield>
         <marc:subfield code="e">provider</marc:subfield>
         <marc:subfield code="5">DNAL</marc:subfield>
      </marc:datafield>
      <marc:datafield tag="935" ind1=" " ind2=" ">
         <marc:subfield code="a">IND606145132</marc:subfield>
         <marc:subfield code="9">ExL</marc:subfield>
      </marc:datafield>
      <marc:datafield tag="949" ind1=" " ind2=" ">
         <marc:subfield code="a">2019-05-23</marc:subfield>
      </marc:datafield>
      <marc:datafield tag="953" ind1=" " ind2=" ">
         <marc:subfield code="a">/data/metadata/incoming/consyn/564666131659447448-00001-HEAD-ONLY-REVISEDSUBJECTLIST.ZIP</marc:subfield>
      </marc:datafield>
      <marc:datafield tag="954" ind1=" " ind2=" ">
         <marc:subfield code="a">file:/data/metadata/staging/consyn/S0378112718311289.xml</marc:subfield>
      </marc:datafield>
      <marc:datafield tag="955" ind1=" " ind2=" ">
         <marc:subfield code="a">/data/metadata/staging/consyn/</marc:subfield>
      </marc:datafield>
      <marc:datafield tag="974" ind1=" " ind2=" ">
         <marc:subfield code="a">agid:6145132</marc:subfield>
      </marc:datafield>
      <marc:datafield tag="983" ind1=" " ind2=" ">
         <marc:subfield code="a">2021-01-05</marc:subfield>
      </marc:datafield>
      <marc:datafield tag="984" ind1=" " ind2=" ">
         <marc:subfield code="a">2021-01-05</marc:subfield>
      </marc:datafield>
   </marc:record>