
   <marc:record>
      <marc:leader>03481nab a2200589 u 4500</marc:leader>
      <marc:controlfield tag="001">9916162911807426</marc:controlfield>
      <marc:controlfield tag="005">20221122065936.0</marc:controlfield>
      <marc:controlfield tag="008">170320e201609 xx |||||o|||||||||||eng||</marc:controlfield>
      <marc:datafield tag="016" ind1="7" ind2=" ">
         <marc:subfield code="a">IND605554164</marc:subfield>
         <marc:subfield code="2">DNAL</marc:subfield>
      </marc:datafield>
      <marc:datafield tag="024" ind1="7" ind2=" ">
         <marc:subfield code="a">10.1016/j.wace.2016.08.002</marc:subfield>
         <marc:subfield code="2">doi</marc:subfield>
      </marc:datafield>
      <marc:datafield tag="035" ind1=" " ind2=" ">
         <marc:subfield code="a">agid:5554164-01nal_inst</marc:subfield>
      </marc:datafield>
      <marc:datafield tag="040" ind1=" " ind2=" ">
         <marc:subfield code="a">AGL</marc:subfield>
         <marc:subfield code="b">eng</marc:subfield>
         <marc:subfield code="c">AGL</marc:subfield>
      </marc:datafield>
      <marc:datafield tag="100" ind1="1" ind2=" ">
         <marc:subfield code="a">Rezaee, Sara</marc:subfield>
         <marc:subfield code="e">author</marc:subfield>
         <marc:subfield code="u">Dalhousie University, Industrial Engineering Department, Halifax, NS,
        Canada B3J2X4</marc:subfield>
      </marc:datafield>
      <marc:datafield tag="245" ind1="1" ind2="0">
         <marc:subfield code="a">Will commercial fishing be a safe occupation in future? A framework to
        quantify future fishing risks due to climate change scenarios</marc:subfield>
      </marc:datafield>
      <marc:datafield tag="300" ind1=" " ind2=" ">
         <marc:subfield code="a">p. 73-85.</marc:subfield>
      </marc:datafield>
      <marc:datafield tag="520" ind1=" " ind2=" ">
         <marc:subfield code="a">Weather factors are an intrinsic part of the fishing environment. Changes
        in weather patterns due to climate change may affect the fishing environment and fishing
        safety. This article proposes a general framework to quantify fishing incident risks in the
        future due to changes in weather conditions. This framework first builds relationships
        between fishing safety and weather conditions based on historical data and then predicts
        future risks according to these relationships with respect to potential changes in weather
        patterns. This paper applies the suggested framework using fishing incident data, fishing
        activity levels, and extreme weather conditions in Atlantic Canada to estimate the spatial
        distribution of fishing incident rates in the future. To do so, a classification tree is
        applied to historical storm tracks based on several climate models and then generated rules
        are applied to future storm tracks projected by selected climate change models towards the
        end of this century to predict fishing risk rates associated with changes in weather
        factors. We conclude that the environmental conditions that drive fishing incidents are
        projected to remain very similar by the end of this century.</marc:subfield>
      </marc:datafield>
      <marc:datafield tag="592" ind1=" " ind2=" ">
         <marc:subfield code="a">Publisher supplied data</marc:subfield>
      </marc:datafield>
      <marc:datafield tag="593" ind1=" " ind2=" ">
         <marc:subfield code="a">PubAg article</marc:subfield>
      </marc:datafield>
      <marc:datafield tag="650" ind1=" " ind2="3">
         <marc:subfield code="a">climate</marc:subfield>
      </marc:datafield>
      <marc:datafield tag="650" ind1=" " ind2="3">
         <marc:subfield code="a">climate change</marc:subfield>
      </marc:datafield>
      <marc:datafield tag="650" ind1=" " ind2="3">
         <marc:subfield code="a">climate models</marc:subfield>
      </marc:datafield>
      <marc:datafield tag="650" ind1=" " ind2="3">
         <marc:subfield code="a">environmental factors</marc:subfield>
      </marc:datafield>
      <marc:datafield tag="650" ind1=" " ind2="3">
         <marc:subfield code="a">fisheries</marc:subfield>
      </marc:datafield>
      <marc:datafield tag="650" ind1=" " ind2="3">
         <marc:subfield code="a">risk</marc:subfield>
      </marc:datafield>
      <marc:datafield tag="650" ind1=" " ind2="3">
         <marc:subfield code="a">storms</marc:subfield>
      </marc:datafield>
      <marc:datafield tag="651" ind1=" " ind2="3">
         <marc:subfield code="a">Canada</marc:subfield>
      </marc:datafield>
      <marc:datafield tag="653" ind1=" " ind2="0">
         <marc:subfield code="a">Climate change</marc:subfield>
      </marc:datafield>
      <marc:datafield tag="653" ind1=" " ind2="0">
         <marc:subfield code="a">Extreme weather events</marc:subfield>
      </marc:datafield>
      <marc:datafield tag="653" ind1=" " ind2="0">
         <marc:subfield code="a">Fishing safety</marc:subfield>
      </marc:datafield>
      <marc:datafield tag="653" ind1=" " ind2="0">
         <marc:subfield code="a">Fishing incidents</marc:subfield>
      </marc:datafield>
      <marc:datafield tag="653" ind1=" " ind2="0">
         <marc:subfield code="a">Classification and Regression Trees</marc:subfield>
      </marc:datafield>
      <marc:datafield tag="700" ind1="1" ind2=" ">
         <marc:subfield code="a">Seiler, Christian</marc:subfield>
         <marc:subfield code="e">author</marc:subfield>
         <marc:subfield code="u">Pacific Climate Impacts Consortium, University of Victoria, Victoria,
        British Columbia, Canada V8N 6M2</marc:subfield>
      </marc:datafield>
      <marc:datafield tag="700" ind1="1" ind2=" ">
         <marc:subfield code="a">Pelot, Ronald</marc:subfield>
         <marc:subfield code="e">author</marc:subfield>
         <marc:subfield code="u">Dalhousie University, Industrial Engineering Department, Halifax, NS,
        Canada B3J2X4</marc:subfield>
      </marc:datafield>
      <marc:datafield tag="700" ind1="1" ind2=" ">
         <marc:subfield code="a">Ghasemi, Alireza</marc:subfield>
         <marc:subfield code="e">author</marc:subfield>
         <marc:subfield code="u">Dalhousie University, Industrial Engineering Department, Halifax, NS,
        Canada B3J2X4</marc:subfield>
      </marc:datafield>
      <marc:datafield tag="773" ind1="0" ind2=" ">
         <marc:subfield code="t">Weather and Climate Extremes.</marc:subfield>
         <marc:subfield code="g">2016 Sept., v. 13 p.73-85</marc:subfield>
         <marc:subfield code="d">Elsevier B.V.</marc:subfield>
         <marc:subfield code="x">2212-0947</marc:subfield>
         <marc:subfield code="7">nnas</marc:subfield>
      </marc:datafield>
      <marc:datafield tag="787" ind1="1" ind2=" ">
         <marc:subfield code="o">islandora_article_repository</marc:subfield>
      </marc:datafield>
      <marc:datafield tag="787" ind1="1" ind2=" ">
         <marc:subfield code="o">product_pubag</marc:subfield>
      </marc:datafield>
      <marc:datafield tag="787" ind1="1" ind2=" ">
         <marc:subfield code="o">(Journal)23331</marc:subfield>
      </marc:datafield>
      <marc:datafield tag="856" ind1="4" ind2="0">
         <marc:subfield code="u">http://dx.doi.org/10.1016/j.wace.2016.08.002</marc:subfield>
         <marc:subfield code="3">Available from publisher's site</marc:subfield>
      </marc:datafield>
      <marc:datafield tag="912" ind1=" " ind2=" ">
         <marc:subfield code="a">Article</marc:subfield>
      </marc:datafield>
      <marc:datafield tag="914" ind1=" " ind2=" ">
         <marc:subfield code="a">Journal:23331</marc:subfield>
         <marc:subfield code="b">2212-0947</marc:subfield>
         <marc:subfield code="c">13</marc:subfield>
         <marc:subfield code="e">73</marc:subfield>
      </marc:datafield>
      <marc:datafield tag="914" ind1=" " ind2=" ">
         <marc:subfield code="f">Weather and Climate Extremes</marc:subfield>
      </marc:datafield>
      <marc:datafield tag="916" ind1=" " ind2=" ">
         <marc:subfield code="a">Batch:1991</marc:subfield>
      </marc:datafield>
      <marc:datafield tag="917" ind1=" " ind2=" ">
         <marc:subfield code="a">issued</marc:subfield>
      </marc:datafield>
      <marc:datafield tag="918" ind1="2" ind2=" ">
         <marc:subfield code="a">Elsevier Consyn</marc:subfield>
         <marc:subfield code="e">provider</marc:subfield>
         <marc:subfield code="5">DNAL</marc:subfield>
      </marc:datafield>
      <marc:datafield tag="935" ind1=" " ind2=" ">
         <marc:subfield code="a">IND605554164</marc:subfield>
         <marc:subfield code="9">ExL</marc:subfield>
      </marc:datafield>
      <marc:datafield tag="949" ind1=" " ind2=" ">
         <marc:subfield code="a">2018-06-20</marc:subfield>
      </marc:datafield>
      <marc:datafield tag="953" ind1=" " ind2=" ">
         <marc:subfield code="a">consyn49025-00009-HEAD-ONLY-COLL_DEV_SELECTED_SUBJECTS.zip</marc:subfield>
      </marc:datafield>
      <marc:datafield tag="962" ind1=" " ind2=" ">
         <marc:subfield code="a">Batch:1991 reviewed on 2018-06-20T04:00:03Z</marc:subfield>
      </marc:datafield>
      <marc:datafield tag="974" ind1=" " ind2=" ">
         <marc:subfield code="a">agid:5554164</marc:subfield>
      </marc:datafield>
      <marc:datafield tag="983" ind1=" " ind2=" ">
         <marc:subfield code="a">2017-03-20</marc:subfield>
      </marc:datafield>
      <marc:datafield tag="984" ind1=" " ind2=" ">
         <marc:subfield code="a">2018-06-20</marc:subfield>
      </marc:datafield>
   </marc:record>