
   <marc:record>
      <marc:leader>05401nab a2200697 u 4500</marc:leader>
      <marc:controlfield tag="001">9916163028507426</marc:controlfield>
      <marc:controlfield tag="005">20221120065548.0</marc:controlfield>
      <marc:controlfield tag="008">180103e201705 xx |||||o|||||||||||eng||</marc:controlfield>
      <marc:datafield tag="016" ind1="7" ind2=" ">
         <marc:subfield code="a">IND605880538</marc:subfield>
         <marc:subfield code="2">DNAL</marc:subfield>
      </marc:datafield>
      <marc:datafield tag="024" ind1="7" ind2=" ">
         <marc:subfield code="a">10.1111/geb.12559</marc:subfield>
         <marc:subfield code="2">doi</marc:subfield>
      </marc:datafield>
      <marc:datafield tag="035" ind1=" " ind2=" ">
         <marc:subfield code="a">agid:5880538-01nal_inst</marc:subfield>
      </marc:datafield>
      <marc:datafield tag="040" ind1=" " ind2=" ">
         <marc:subfield code="a">AGL</marc:subfield>
         <marc:subfield code="b">eng</marc:subfield>
         <marc:subfield code="c">AGL</marc:subfield>
      </marc:datafield>
      <marc:datafield tag="100" ind1="1" ind2=" ">
         <marc:subfield code="a">Swenson, Nathan G.</marc:subfield>
         <marc:subfield code="e">author</marc:subfield>
         <marc:subfield code="u">Department of Biology, University of Maryland, College Park, MD,
        USA</marc:subfield>
      </marc:datafield>
      <marc:datafield tag="245" ind1="1" ind2="0">
         <marc:subfield code="a">Phylogeny and the prediction of tree functional diversity across novel
        continental settings</marc:subfield>
      </marc:datafield>
      <marc:datafield tag="300" ind1=" " ind2=" ">
         <marc:subfield code="a">p. 553-562.</marc:subfield>
      </marc:datafield>
      <marc:datafield tag="500" ind1=" " ind2=" ">
         <marc:subfield code="a">JOURNAL ARTICLE</marc:subfield>
      </marc:datafield>
      <marc:datafield tag="520" ind1=" " ind2=" ">
         <marc:subfield code="a">AIM: Mapping the distribution and diversity of plant functional traits is
        critical for projecting future changes to vegetation under global change. Maps of plant
        functional traits, however, are scarce due very sparse global trait data matrices. A
        potential solution to this data limitation is to utilize the known levels of phylogenetic
        signal in trait data to predict missing values. Here we aim to test existing phylogenetic
        comparative methods for imputing missing trait data for the purpose of producing
        continental‐scale maps of plant functional traits. LOCATION: North America and Europe.
        METHODS: Phylogenetic imputation models and trait data from one continent were used to
        predict the trait values for tree species on the other continent and to produce trait maps.
        Predicted maps of trait means, variances and functional diversity were compared with known
        maps to quantify the degree to which predicted trait values could estimate spatial patterns
        of trait distributions and diversity. RESULTS: We show that the phylogenetic signal in plant
        functional trait data can be used to provide robust predictions of the geographical
        distribution of tree functional diversity. However, predictions for traits with little
        phylogenetic signal, such as maximum height, are error prone. Lastly, trait imputation
        methods based on phylogenetic generalized least squares tended to outperform those based on
        phylogenetic eigenvectors. MAIN CONCLUSIONS: It is possible to predict patterns of
        functional diversity across continental settings with novel species assemblages for most of
        the traits studied for which we have no direct trait information, thereby offering an
        effective method for overcoming a key data limitation in global change biology, macroecology
        and ecosystem modelling.</marc:subfield>
      </marc:datafield>
      <marc:datafield tag="592" ind1=" " ind2=" ">
         <marc:subfield code="a">Publisher supplied data</marc:subfield>
      </marc:datafield>
      <marc:datafield tag="593" ind1=" " ind2=" ">
         <marc:subfield code="a">PubAg article</marc:subfield>
      </marc:datafield>
      <marc:datafield tag="650" ind1=" " ind2="3">
         <marc:subfield code="a">ecosystems</marc:subfield>
      </marc:datafield>
      <marc:datafield tag="650" ind1=" " ind2="3">
         <marc:subfield code="a">functional diversity</marc:subfield>
      </marc:datafield>
      <marc:datafield tag="650" ind1=" " ind2="3">
         <marc:subfield code="a">geographical distribution</marc:subfield>
      </marc:datafield>
      <marc:datafield tag="650" ind1=" " ind2="3">
         <marc:subfield code="a">global change</marc:subfield>
      </marc:datafield>
      <marc:datafield tag="650" ind1=" " ind2="3">
         <marc:subfield code="a">least squares</marc:subfield>
      </marc:datafield>
      <marc:datafield tag="650" ind1=" " ind2="3">
         <marc:subfield code="a">models</marc:subfield>
      </marc:datafield>
      <marc:datafield tag="650" ind1=" " ind2="3">
         <marc:subfield code="a">phylogeny</marc:subfield>
      </marc:datafield>
      <marc:datafield tag="650" ind1=" " ind2="3">
         <marc:subfield code="a">prediction</marc:subfield>
      </marc:datafield>
      <marc:datafield tag="650" ind1=" " ind2="3">
         <marc:subfield code="a">trees</marc:subfield>
      </marc:datafield>
      <marc:datafield tag="650" ind1=" " ind2="3">
         <marc:subfield code="a">vegetation</marc:subfield>
      </marc:datafield>
      <marc:datafield tag="651" ind1=" " ind2="3">
         <marc:subfield code="a">Europe</marc:subfield>
      </marc:datafield>
      <marc:datafield tag="651" ind1=" " ind2="3">
         <marc:subfield code="a">North America</marc:subfield>
      </marc:datafield>
      <marc:datafield tag="700" ind1="1" ind2=" ">
         <marc:subfield code="a">Weiser, Michael D.</marc:subfield>
         <marc:subfield code="e">author</marc:subfield>
         <marc:subfield code="u">Department of Biology, University of Oklahoma, Norman, OK, 73019,
        USA</marc:subfield>
      </marc:datafield>
      <marc:datafield tag="700" ind1="1" ind2=" ">
         <marc:subfield code="a">Mao, Lingfeng</marc:subfield>
         <marc:subfield code="e">author</marc:subfield>
         <marc:subfield code="u">Department of Biology, University of Maryland, College Park, MD,
        USA</marc:subfield>
      </marc:datafield>
      <marc:datafield tag="700" ind1="1" ind2=" ">
         <marc:subfield code="a">Araújo, Miguel B.</marc:subfield>
         <marc:subfield code="e">author</marc:subfield>
      </marc:datafield>
      <marc:datafield tag="700" ind1="1" ind2=" ">
         <marc:subfield code="a">Diniz‐Filho, José Alexandre F.</marc:subfield>
         <marc:subfield code="e">author</marc:subfield>
         <marc:subfield code="u">Departamento de Ecologia, Universidade Federal de Goiás, Campus II,
        Goiânia, GO, Brazil</marc:subfield>
      </marc:datafield>
      <marc:datafield tag="700" ind1="1" ind2=" ">
         <marc:subfield code="a">Kollmann, Johannes</marc:subfield>
         <marc:subfield code="e">author</marc:subfield>
         <marc:subfield code="u">Restoration Ecology, Department of Ecology and Ecosystem Management,
        Technische Universität München, Emil‐Ramann‐Str. 6, Freising, 85354, Germany</marc:subfield>
      </marc:datafield>
      <marc:datafield tag="700" ind1="1" ind2=" ">
         <marc:subfield code="a">Nogués‐Bravo, David</marc:subfield>
         <marc:subfield code="e">author</marc:subfield>
         <marc:subfield code="u">Center for Macroecology, Evolution and Climate, National Museum of Natural
        Sciences, University of Copenhagen, Universitetsparken 15, Copenhagen, 2100,
        Denmark</marc:subfield>
      </marc:datafield>
      <marc:datafield tag="700" ind1="1" ind2=" ">
         <marc:subfield code="a">Normand, Signe</marc:subfield>
         <marc:subfield code="e">author</marc:subfield>
      </marc:datafield>
      <marc:datafield tag="700" ind1="1" ind2=" ">
         <marc:subfield code="a">Rodríguez, Miguel A.</marc:subfield>
         <marc:subfield code="e">author</marc:subfield>
         <marc:subfield code="u">Forest Ecology and Restoration Group, Departamento de Ciencias de la Vida,
        Edificio de Ciencias, Universidad de Alcalá, Campus Universitario, 28871, Alcalá de Henares
        (Madrid), Spain</marc:subfield>
      </marc:datafield>
      <marc:datafield tag="700" ind1="1" ind2=" ">
         <marc:subfield code="a">García‐Valdés, Raúl</marc:subfield>
         <marc:subfield code="e">author</marc:subfield>
         <marc:subfield code="u">Centre of Ecological Research and Forestry Applications (CREAF), Department
        of Animal Biology, Plant Biology and Ecology, Autonomous University of Barcelona, Barcelona,
        Spain</marc:subfield>
      </marc:datafield>
      <marc:datafield tag="700" ind1="1" ind2=" ">
         <marc:subfield code="a">Valladares, Fernando</marc:subfield>
         <marc:subfield code="e">author</marc:subfield>
      </marc:datafield>
      <marc:datafield tag="700" ind1="1" ind2=" ">
         <marc:subfield code="a">Zavala, Miguel A.</marc:subfield>
         <marc:subfield code="e">author</marc:subfield>
         <marc:subfield code="u">Forest Ecology and Restoration Group, Departamento de Ciencias de la Vida,
        Edificio de Ciencias, Universidad de Alcalá, Campus Universitario, 28871, Alcalá de Henares
        (Madrid), Spain</marc:subfield>
      </marc:datafield>
      <marc:datafield tag="700" ind1="1" ind2=" ">
         <marc:subfield code="a">Svenning, Jens‐Christian</marc:subfield>
         <marc:subfield code="e">author</marc:subfield>
         <marc:subfield code="u">Section for Ecoinformatics &amp; Biodiversity, Department of Bioscience,
        Aarhus University, Ny Munkegade 114, 8000, Aarhus C, Denmark</marc:subfield>
      </marc:datafield>
      <marc:datafield tag="773" ind1="0" ind2=" ">
         <marc:subfield code="t">Global ecology and biogeography.</marc:subfield>
         <marc:subfield code="g">2017 May, v. 26, no. 5 p.553-562</marc:subfield>
         <marc:subfield code="d">John Wiley &amp; Sons, Ltd</marc:subfield>
         <marc:subfield code="w">Journal:jnl3920180</marc:subfield>
         <marc:subfield code="x">1466-822X</marc:subfield>
         <marc:subfield code="7">nnas</marc:subfield>
      </marc:datafield>
      <marc:datafield tag="787" ind1="1" ind2=" ">
         <marc:subfield code="o">islandora_article_repository</marc:subfield>
      </marc:datafield>
      <marc:datafield tag="787" ind1="1" ind2=" ">
         <marc:subfield code="o">product_pubag</marc:subfield>
      </marc:datafield>
      <marc:datafield tag="787" ind1="1" ind2=" ">
         <marc:subfield code="o">(Journal)jnl3920180</marc:subfield>
      </marc:datafield>
      <marc:datafield tag="856" ind1="4" ind2="0">
         <marc:subfield code="u">http://dx.doi.org/10.1111/geb.12559</marc:subfield>
         <marc:subfield code="3">Available from publisher's site</marc:subfield>
      </marc:datafield>
      <marc:datafield tag="912" ind1=" " ind2=" ">
         <marc:subfield code="a">Article</marc:subfield>
      </marc:datafield>
      <marc:datafield tag="914" ind1=" " ind2=" ">
         <marc:subfield code="a">Journal:jnl3920180</marc:subfield>
         <marc:subfield code="b">1466-822X</marc:subfield>
         <marc:subfield code="c">26</marc:subfield>
         <marc:subfield code="d">5</marc:subfield>
         <marc:subfield code="e">553</marc:subfield>
      </marc:datafield>
      <marc:datafield tag="914" ind1=" " ind2=" ">
         <marc:subfield code="f">Global ecology and biogeography</marc:subfield>
      </marc:datafield>
      <marc:datafield tag="916" ind1=" " ind2=" ">
         <marc:subfield code="a">Batch:1909</marc:subfield>
      </marc:datafield>
      <marc:datafield tag="917" ind1=" " ind2=" ">
         <marc:subfield code="a">issued</marc:subfield>
      </marc:datafield>
      <marc:datafield tag="918" ind1="2" ind2=" ">
         <marc:subfield code="a">John Wiley &amp; Sons, Inc</marc:subfield>
         <marc:subfield code="e">provider</marc:subfield>
         <marc:subfield code="5">DNAL</marc:subfield>
      </marc:datafield>
      <marc:datafield tag="935" ind1=" " ind2=" ">
         <marc:subfield code="a">IND605880538</marc:subfield>
         <marc:subfield code="9">ExL</marc:subfield>
      </marc:datafield>
      <marc:datafield tag="949" ind1=" " ind2=" ">
         <marc:subfield code="a">2018-03-01</marc:subfield>
      </marc:datafield>
      <marc:datafield tag="953" ind1=" " ind2=" ">
         <marc:subfield code="a">1466822X_2017_26_5.xml</marc:subfield>
      </marc:datafield>
      <marc:datafield tag="962" ind1=" " ind2=" ">
         <marc:subfield code="a">Batch:1909 reviewed on 2018-03-01T15:00:03Z</marc:subfield>
      </marc:datafield>
      <marc:datafield tag="974" ind1=" " ind2=" ">
         <marc:subfield code="a">agid:5880538</marc:subfield>
      </marc:datafield>
      <marc:datafield tag="983" ind1=" " ind2=" ">
         <marc:subfield code="a">2018-01-03</marc:subfield>
      </marc:datafield>
      <marc:datafield tag="984" ind1=" " ind2=" ">
         <marc:subfield code="a">2018-03-01</marc:subfield>
      </marc:datafield>
   </marc:record>