
   <marc:record>
      <marc:leader>04639nab a2200577 u 4500</marc:leader>
      <marc:controlfield tag="001">9916163515707426</marc:controlfield>
      <marc:controlfield tag="005">20221117163141.0</marc:controlfield>
      <marc:controlfield tag="008">201224e20201218xx |||||o|||||||||||eng||</marc:controlfield>
      <marc:datafield tag="016" ind1="7" ind2=" ">
         <marc:subfield code="a">IND607216075</marc:subfield>
         <marc:subfield code="2">DNAL</marc:subfield>
      </marc:datafield>
      <marc:datafield tag="024" ind1="7" ind2=" ">
         <marc:subfield code="a">10.3390/fire3040072</marc:subfield>
         <marc:subfield code="2">doi</marc:subfield>
      </marc:datafield>
      <marc:datafield tag="035" ind1=" " ind2=" ">
         <marc:subfield code="a">agid:7216075-01nal_inst</marc:subfield>
      </marc:datafield>
      <marc:datafield tag="040" ind1=" " ind2=" ">
         <marc:subfield code="a">AGL</marc:subfield>
         <marc:subfield code="b">eng</marc:subfield>
         <marc:subfield code="c">AGL</marc:subfield>
      </marc:datafield>
      <marc:datafield tag="100" ind1="1" ind2=" ">
         <marc:subfield code="a">Tamjidi, Jelveh </marc:subfield>
         <marc:subfield code="e">author</marc:subfield>
         <marc:subfield code="u">Wildland Resources Department and the Ecology Center, Utah State
        University, Logan, UT 84322, USA</marc:subfield>
      </marc:datafield>
      <marc:datafield tag="245" ind1="1" ind2="4">
         <marc:subfield code="a">The Post-Fire Assembly Processes of Tree Communities Based on Spatial
        Analysis of a Sierra Nevada Mixed-Conifer Forest</marc:subfield>
      </marc:datafield>
      <marc:datafield tag="500" ind1=" " ind2=" ">
         <marc:subfield code="a">NAL-AP-2-clean</marc:subfield>
      </marc:datafield>
      <marc:datafield tag="520" ind1=" " ind2=" ">
         <marc:subfield code="a">Understanding the mechanisms underlying tree spatial arrangements may
        provide significant insights into the processes in the maintenance of species coexistence.
        We examined the potential role of habitat heterogeneity, dispersal limitation, negative
        density dependence, fire history, and unilateral intraspecific and interspecific
        interactions of adults on juveniles in shaping the spatial patterns of four dominant tree
        species (Abies concolor, Pinus lambertiana, Calocedrus decurrens, and Quercus kelloggii)
        after fire in the Yosemite Forest Dynamic Plot, California, USA. We used the univariate pair
        correlation function and implemented three point pattern processes (homogeneous Poisson
        process, inhomogeneous Poisson process, and homogeneous Thomas process) to evaluate the
        potential contributions of habitat filtering and dispersal limitation. We used a bivariate
        null model to evaluate unilateral intraspecific and interspecific interactions of adults on
        juveniles. We also used the pairwise correlation function to investigate the spatial
        patterns of density dependence. To understand the effect of fire, we used the univariate
        pair correlation function to investigate pattern changes during the six years following
        fire. We compared spatial pattern changes in both sprouting species (Quercus kelloggii) and
        seeding species (Abies concolor), and also examined the changes in patterns of
        large-diameter individuals of Abies concolor, Pinus lambertiana, and Calocedrus decurrens in
        2013 (pre-fire), 2016 (two years post-fire), and 2019. Comparing the contributions of the
        homogeneous Thomas process and the inhomogeneous Poisson process at different spatial scales
        showed the importance of dispersal limitation and habitat heterogeneity at finer scales (0 m
        to 5 m) and coarser scales (5 m to 60 m), respectively, which suggests that the joint
        effects of dispersal limitation and habitat heterogeneity contribute to the spatial patterns
        of these three dominant tree species. Furthermore, the results showed that the young
        individuals of Abies concolor and Pinus lambertiana were more commonly found around the
        conspecific adults. Juvenile regeneration to the 1 cm diameter threshold was highly
        aggregated following the fire. Large-diameter trees of Abies concolor, Pinus lambertiana,
        and Calocedrus decurrens generally did not exhibit patterns different from complete spatial
        randomness (Calocedrus decurrens), or displayed only slight aggregation (Abies concolor and
        Pinus lambertiana). In addition, Abies concolor and Pinus lambertiana showed positive and
        negative conspecific density dependence in the immediate post-fire period,
        respectively.</marc:subfield>
      </marc:datafield>
      <marc:datafield tag="592" ind1=" " ind2=" ">
         <marc:subfield code="a">Publisher supplied data</marc:subfield>
      </marc:datafield>
      <marc:datafield tag="593" ind1=" " ind2=" ">
         <marc:subfield code="a">PubAg article</marc:subfield>
      </marc:datafield>
      <marc:datafield tag="650" ind1=" " ind2="3">
         <marc:subfield code="a">Abies concolor</marc:subfield>
      </marc:datafield>
      <marc:datafield tag="650" ind1=" " ind2="3">
         <marc:subfield code="a">Calocedrus decurrens</marc:subfield>
      </marc:datafield>
      <marc:datafield tag="650" ind1=" " ind2="3">
         <marc:subfield code="a">Pinus lambertiana</marc:subfield>
      </marc:datafield>
      <marc:datafield tag="650" ind1=" " ind2="3">
         <marc:subfield code="a">Quercus kelloggii</marc:subfield>
      </marc:datafield>
      <marc:datafield tag="650" ind1=" " ind2="3">
         <marc:subfield code="a">conspecificity</marc:subfield>
      </marc:datafield>
      <marc:datafield tag="650" ind1=" " ind2="3">
         <marc:subfield code="a">fire history</marc:subfield>
      </marc:datafield>
      <marc:datafield tag="650" ind1=" " ind2="3">
         <marc:subfield code="a">forests</marc:subfield>
      </marc:datafield>
      <marc:datafield tag="650" ind1=" " ind2="3">
         <marc:subfield code="a">habitats</marc:subfield>
      </marc:datafield>
      <marc:datafield tag="650" ind1=" " ind2="3">
         <marc:subfield code="a">juveniles</marc:subfield>
      </marc:datafield>
      <marc:datafield tag="650" ind1=" " ind2="3">
         <marc:subfield code="a">models</marc:subfield>
      </marc:datafield>
      <marc:datafield tag="650" ind1=" " ind2="3">
         <marc:subfield code="a">mountains</marc:subfield>
      </marc:datafield>
      <marc:datafield tag="650" ind1=" " ind2="3">
         <marc:subfield code="a">trees</marc:subfield>
      </marc:datafield>
      <marc:datafield tag="651" ind1=" " ind2="3">
         <marc:subfield code="a">California</marc:subfield>
      </marc:datafield>
      <marc:datafield tag="700" ind1="1" ind2=" ">
         <marc:subfield code="a">Lutz, James A.</marc:subfield>
         <marc:subfield code="e">author</marc:subfield>
      </marc:datafield>
      <marc:datafield tag="773" ind1="0" ind2=" ">
         <marc:subfield code="t">Fire.</marc:subfield>
         <marc:subfield code="g">2020 Dec. 18, v. 3, no. 4</marc:subfield>
         <marc:subfield code="d">Multidisciplinary Digital Publishing Institute</marc:subfield>
         <marc:subfield code="w">Journal:27135</marc:subfield>
         <marc:subfield code="x">2571-6255</marc:subfield>
         <marc:subfield code="7">nnas</marc:subfield>
      </marc:datafield>
      <marc:datafield tag="787" ind1="1" ind2=" ">
         <marc:subfield code="o">islandora_article_repository</marc:subfield>
      </marc:datafield>
      <marc:datafield tag="787" ind1="1" ind2=" ">
         <marc:subfield code="o">product_pubag</marc:subfield>
      </marc:datafield>
      <marc:datafield tag="787" ind1="1" ind2=" ">
         <marc:subfield code="o">(Journal)27135</marc:subfield>
      </marc:datafield>
      <marc:datafield tag="856" ind1="4" ind2="0">
         <marc:subfield code="u">http://dx.doi.org/10.3390/fire3040072</marc:subfield>
         <marc:subfield code="3">Available from publisher's site</marc:subfield>
      </marc:datafield>
      <marc:datafield tag="912" ind1=" " ind2=" ">
         <marc:subfield code="a">Article</marc:subfield>
      </marc:datafield>
      <marc:datafield tag="914" ind1=" " ind2=" ">
         <marc:subfield code="a">Journal:27135</marc:subfield>
         <marc:subfield code="b">2571-6255</marc:subfield>
         <marc:subfield code="c">3</marc:subfield>
         <marc:subfield code="d">4</marc:subfield>
      </marc:datafield>
      <marc:datafield tag="914" ind1=" " ind2=" ">
         <marc:subfield code="f">Fire</marc:subfield>
      </marc:datafield>
      <marc:datafield tag="916" ind1=" " ind2=" ">
         <marc:subfield code="a">Batch:10115</marc:subfield>
      </marc:datafield>
      <marc:datafield tag="917" ind1=" " ind2=" ">
         <marc:subfield code="a">issued</marc:subfield>
      </marc:datafield>
      <marc:datafield tag="918" ind1="2" ind2=" ">
         <marc:subfield code="a">Multidisciplinary Digital Publishing Institute</marc:subfield>
         <marc:subfield code="e">provider</marc:subfield>
         <marc:subfield code="5">DNAL</marc:subfield>
      </marc:datafield>
      <marc:datafield tag="935" ind1=" " ind2=" ">
         <marc:subfield code="a">IND607216075</marc:subfield>
         <marc:subfield code="9">ExL</marc:subfield>
      </marc:datafield>
      <marc:datafield tag="949" ind1=" " ind2=" ">
         <marc:subfield code="a">2021-07-06</marc:subfield>
      </marc:datafield>
      <marc:datafield tag="953" ind1=" " ind2=" ">
         <marc:subfield code="a">/data/metadata/incoming/mdpinstitute/fire-v03-i04-20201224.xml</marc:subfield>
      </marc:datafield>
      <marc:datafield tag="954" ind1=" " ind2=" ">
         <marc:subfield code="a">file:/data/metadata/staging/mdpinstitute/fire-v03-i04-20201224.xml</marc:subfield>
      </marc:datafield>
      <marc:datafield tag="955" ind1=" " ind2=" ">
         <marc:subfield code="a">/data/metadata/staging/mdpinstitute/</marc:subfield>
      </marc:datafield>
      <marc:datafield tag="974" ind1=" " ind2=" ">
         <marc:subfield code="a">agid:7216075</marc:subfield>
      </marc:datafield>
      <marc:datafield tag="983" ind1=" " ind2=" ">
         <marc:subfield code="a">2020-12-24</marc:subfield>
      </marc:datafield>
      <marc:datafield tag="984" ind1=" " ind2=" ">
         <marc:subfield code="a">2021-07-06</marc:subfield>
      </marc:datafield>
   </marc:record>