
   <marc:record>
      <marc:leader>04126nab a2200685 u 4500</marc:leader>
      <marc:controlfield tag="001">9916164553307426</marc:controlfield>
      <marc:controlfield tag="005">20221120045550.0</marc:controlfield>
      <marc:controlfield tag="008">200516e20120901xx |||||o|||||||||||eng||</marc:controlfield>
      <marc:datafield tag="016" ind1="7" ind2=" ">
         <marc:subfield code="a">IND606951718</marc:subfield>
         <marc:subfield code="2">DNAL</marc:subfield>
      </marc:datafield>
      <marc:datafield tag="024" ind1="7" ind2=" ">
         <marc:subfield code="a">10.3852/11-416</marc:subfield>
         <marc:subfield code="2">doi</marc:subfield>
      </marc:datafield>
      <marc:datafield tag="035" ind1=" " ind2=" ">
         <marc:subfield code="a">agid:6951718-01nal_inst</marc:subfield>
      </marc:datafield>
      <marc:datafield tag="040" ind1=" " ind2=" ">
         <marc:subfield code="a">AGL</marc:subfield>
         <marc:subfield code="b">eng</marc:subfield>
         <marc:subfield code="c">AGL</marc:subfield>
      </marc:datafield>
      <marc:datafield tag="100" ind1="1" ind2=" ">
         <marc:subfield code="a">Abell-Davis, Sandra E.</marc:subfield>
         <marc:subfield code="e">author</marc:subfield>
      </marc:datafield>
      <marc:datafield tag="245" ind1="1" ind2="0">
         <marc:subfield code="a">Allocasuarina tree hosts determine the spatial distribution of hypogeous
        fungal sporocarps in three tropical Australian sclerophyll forests</marc:subfield>
      </marc:datafield>
      <marc:datafield tag="300" ind1=" " ind2=" ">
         <marc:subfield code="a">p. 1008-1019.</marc:subfield>
      </marc:datafield>
      <marc:datafield tag="500" ind1=" " ind2=" ">
         <marc:subfield code="a">NAL-AP-2-clean</marc:subfield>
      </marc:datafield>
      <marc:datafield tag="520" ind1=" " ind2=" ">
         <marc:subfield code="a">Across three tropical Australian sclerophyll forest types, site-specific
        environmental variables could explain the distribution of both quantity (abundance and
        biomass) and richness (genus and species) of hypogeous fungi sporocarps. Quantity was
        significantly higher in the Allocasuarina forest sites that had high soil nitrogen but low
        phosphorous. Three genera of hypogeous fungi were found exclusively in Allocasuarina forest
        sites including Gummiglobus, Labyrinthomyces and Octaviania, as were some species of
        Castoreum, Chondrogaster, Endogone, Hysterangium and Russula. However, the forest types did
        not all group according to site-scale variables and subsequently the taxonomic assemblages
        were not significantly different between the three forest types. At site scale, significant
        negative relationships were found between phosphorous concentration and the quantity of
        hypogeous fungi sporocarps. Using a multivariate information theoretic approach, there were
        other more plausible models to explain the patterns of sporocarp richness. Both the mean
        number of fungal genera and species increased with the number of Allocasuarina stems, at the
        same time decreasing with the number of Eucalyptus stems. The optimal conditions for
        promoting hypogeous fungi sporocarp quantity and sporocarp richness appear to be related to
        the presence and abundance of Allocasuarina (Casuarinaceae) host trees. Allocasuarina tree
        species may have a higher host receptivity for ectomycorrhizal hypogeous fungi species that
        provide an important food resource for Australian mycophagous animals.</marc:subfield>
      </marc:datafield>
      <marc:datafield tag="592" ind1=" " ind2=" ">
         <marc:subfield code="a">Publisher supplied data</marc:subfield>
      </marc:datafield>
      <marc:datafield tag="593" ind1=" " ind2=" ">
         <marc:subfield code="a">PubAg article</marc:subfield>
      </marc:datafield>
      <marc:datafield tag="650" ind1=" " ind2="3">
         <marc:subfield code="a">Allocasuarina</marc:subfield>
      </marc:datafield>
      <marc:datafield tag="650" ind1=" " ind2="3">
         <marc:subfield code="a">Endogone</marc:subfield>
      </marc:datafield>
      <marc:datafield tag="650" ind1=" " ind2="3">
         <marc:subfield code="a">Eucalyptus</marc:subfield>
      </marc:datafield>
      <marc:datafield tag="650" ind1=" " ind2="3">
         <marc:subfield code="a">Hysterangium</marc:subfield>
      </marc:datafield>
      <marc:datafield tag="650" ind1=" " ind2="3">
         <marc:subfield code="a">Octaviania</marc:subfield>
      </marc:datafield>
      <marc:datafield tag="650" ind1=" " ind2="3">
         <marc:subfield code="a">Russula</marc:subfield>
      </marc:datafield>
      <marc:datafield tag="650" ind1=" " ind2="3">
         <marc:subfield code="a">biomass</marc:subfield>
      </marc:datafield>
      <marc:datafield tag="650" ind1=" " ind2="3">
         <marc:subfield code="a">ectomycorrhizae</marc:subfield>
      </marc:datafield>
      <marc:datafield tag="650" ind1=" " ind2="3">
         <marc:subfield code="a">fruiting bodies</marc:subfield>
      </marc:datafield>
      <marc:datafield tag="650" ind1=" " ind2="3">
         <marc:subfield code="a">fungi</marc:subfield>
      </marc:datafield>
      <marc:datafield tag="650" ind1=" " ind2="3">
         <marc:subfield code="a">fungivores</marc:subfield>
      </marc:datafield>
      <marc:datafield tag="650" ind1=" " ind2="3">
         <marc:subfield code="a">nitrogen</marc:subfield>
      </marc:datafield>
      <marc:datafield tag="650" ind1=" " ind2="3">
         <marc:subfield code="a">phosphorus</marc:subfield>
      </marc:datafield>
      <marc:datafield tag="650" ind1=" " ind2="3">
         <marc:subfield code="a">soil</marc:subfield>
      </marc:datafield>
      <marc:datafield tag="650" ind1=" " ind2="3">
         <marc:subfield code="a">trees</marc:subfield>
      </marc:datafield>
      <marc:datafield tag="653" ind1=" " ind2="0">
         <marc:subfield code="a">altitude</marc:subfield>
      </marc:datafield>
      <marc:datafield tag="653" ind1=" " ind2="0">
         <marc:subfield code="a">ectomycorrhiza</marc:subfield>
      </marc:datafield>
      <marc:datafield tag="653" ind1=" " ind2="0">
         <marc:subfield code="a">mycophagy</marc:subfield>
      </marc:datafield>
      <marc:datafield tag="653" ind1=" " ind2="0">
         <marc:subfield code="a">phosphorous</marc:subfield>
      </marc:datafield>
      <marc:datafield tag="700" ind1="1" ind2=" ">
         <marc:subfield code="a">Gadek, Paul A.</marc:subfield>
         <marc:subfield code="e">author</marc:subfield>
         <marc:subfield code="u"> School of Marine and Tropical Biology and Australian Tropical Herbarium,
        James Cook University, PO Box 6811, Cairns Queensland 4870, Australia</marc:subfield>
      </marc:datafield>
      <marc:datafield tag="700" ind1="1" ind2=" ">
         <marc:subfield code="a">Pearce, Ceridwen A.</marc:subfield>
         <marc:subfield code="e">author</marc:subfield>
         <marc:subfield code="u"> Biosecurity Queensland. Department of Employment, Economic Development and
        Innovation, PO Box 20, South Johnstone 4859 Queensland, Australia</marc:subfield>
      </marc:datafield>
      <marc:datafield tag="700" ind1="1" ind2=" ">
         <marc:subfield code="a">Congdon, Bradley C.</marc:subfield>
         <marc:subfield code="e">author</marc:subfield>
         <marc:subfield code="u"> School of Marine and Tropical Biology, James Cook University, PO Box 6811,
        Cairns Queensland 4870, Australia</marc:subfield>
      </marc:datafield>
      <marc:datafield tag="773" ind1="0" ind2=" ">
         <marc:subfield code="t">Mycologia.</marc:subfield>
         <marc:subfield code="g">2012 Sept. 1, v. 104, no. 5 p.1008-1019</marc:subfield>
         <marc:subfield code="d">Taylor &amp; Francis</marc:subfield>
         <marc:subfield code="w">Journal:1951</marc:subfield>
         <marc:subfield code="x">1557-2536</marc:subfield>
         <marc:subfield code="7">nnas</marc:subfield>
      </marc:datafield>
      <marc:datafield tag="787" ind1="1" ind2=" ">
         <marc:subfield code="o">islandora_article_repository</marc:subfield>
      </marc:datafield>
      <marc:datafield tag="787" ind1="1" ind2=" ">
         <marc:subfield code="o">product_pubag</marc:subfield>
      </marc:datafield>
      <marc:datafield tag="787" ind1="1" ind2=" ">
         <marc:subfield code="o">(Journal)1951</marc:subfield>
      </marc:datafield>
      <marc:datafield tag="856" ind1="4" ind2="0">
         <marc:subfield code="u">http://dx.doi.org/10.3852/11-416</marc:subfield>
         <marc:subfield code="3">Available from publisher's site</marc:subfield>
      </marc:datafield>
      <marc:datafield tag="912" ind1=" " ind2=" ">
         <marc:subfield code="a">Article</marc:subfield>
      </marc:datafield>
      <marc:datafield tag="914" ind1=" " ind2=" ">
         <marc:subfield code="a">Journal:1951</marc:subfield>
         <marc:subfield code="b">1557-2536</marc:subfield>
         <marc:subfield code="c">104</marc:subfield>
         <marc:subfield code="d">5</marc:subfield>
         <marc:subfield code="e">1008</marc:subfield>
      </marc:datafield>
      <marc:datafield tag="914" ind1=" " ind2=" ">
         <marc:subfield code="f">Mycologia</marc:subfield>
      </marc:datafield>
      <marc:datafield tag="916" ind1=" " ind2=" ">
         <marc:subfield code="a">Batch:10147</marc:subfield>
      </marc:datafield>
      <marc:datafield tag="917" ind1=" " ind2=" ">
         <marc:subfield code="a">issued</marc:subfield>
      </marc:datafield>
      <marc:datafield tag="918" ind1="2" ind2=" ">
         <marc:subfield code="a">Taylor &amp; Francis Group</marc:subfield>
         <marc:subfield code="e">provider</marc:subfield>
         <marc:subfield code="5">DNAL</marc:subfield>
      </marc:datafield>
      <marc:datafield tag="935" ind1=" " ind2=" ">
         <marc:subfield code="a">IND606951718</marc:subfield>
         <marc:subfield code="9">ExL</marc:subfield>
      </marc:datafield>
      <marc:datafield tag="949" ind1=" " ind2=" ">
         <marc:subfield code="a">2021-06-18</marc:subfield>
      </marc:datafield>
      <marc:datafield tag="953" ind1=" " ind2=" ">
         <marc:subfield code="a">/data/metadata/incoming/taylorfrancis/umyc20_umyc20.v104.i05_20200416220754#20046755.zip</marc:subfield>
      </marc:datafield>
      <marc:datafield tag="954" ind1=" " ind2=" ">
         <marc:subfield code="a">file:/data/metadata/staging/taylorfrancis/11-416.xml</marc:subfield>
      </marc:datafield>
      <marc:datafield tag="955" ind1=" " ind2=" ">
         <marc:subfield code="a">/data/metadata/staging/taylorfrancis/</marc:subfield>
      </marc:datafield>
      <marc:datafield tag="974" ind1=" " ind2=" ">
         <marc:subfield code="a">agid:6951718</marc:subfield>
      </marc:datafield>
      <marc:datafield tag="983" ind1=" " ind2=" ">
         <marc:subfield code="a">2020-05-16</marc:subfield>
      </marc:datafield>
      <marc:datafield tag="984" ind1=" " ind2=" ">
         <marc:subfield code="a">2021-06-18</marc:subfield>
      </marc:datafield>
   </marc:record>