
   <marc:record>
      <marc:leader>04621nab a2200661 u 4500</marc:leader>
      <marc:controlfield tag="001">9916165296407426</marc:controlfield>
      <marc:controlfield tag="005">20221120131411.0</marc:controlfield>
      <marc:controlfield tag="008">160121e20071201xx |||||o|||||||||||eng||</marc:controlfield>
      <marc:datafield tag="016" ind1="7" ind2=" ">
         <marc:subfield code="a">IND604794060</marc:subfield>
         <marc:subfield code="2">DNAL</marc:subfield>
      </marc:datafield>
      <marc:datafield tag="024" ind1="7" ind2=" ">
         <marc:subfield code="a">10.1556/ComEc.8.2007.2.1</marc:subfield>
         <marc:subfield code="2">doi</marc:subfield>
      </marc:datafield>
      <marc:datafield tag="035" ind1=" " ind2=" ">
         <marc:subfield code="a">agid:4794060-01nal_inst</marc:subfield>
      </marc:datafield>
      <marc:datafield tag="040" ind1=" " ind2=" ">
         <marc:subfield code="a">AGL</marc:subfield>
         <marc:subfield code="b">eng</marc:subfield>
         <marc:subfield code="c">AGL</marc:subfield>
      </marc:datafield>
      <marc:datafield tag="100" ind1="1" ind2=" ">
         <marc:subfield code="a">Korňan, M.</marc:subfield>
         <marc:subfield code="e">author</marc:subfield>
         <marc:subfield code="u">Centre for Ecological Studies Ústredie 14 013 62 Vel’ké Rovné
        Slovakia</marc:subfield>
      </marc:datafield>
      <marc:datafield tag="245" ind1="1" ind2="0">
         <marc:subfield code="a">Foraging guild structure within a primaeval mixed forest bird assemblage: a
        comparison of two concepts</marc:subfield>
      </marc:datafield>
      <marc:datafield tag="300" ind1=" " ind2=" ">
         <marc:subfield code="a">p. 133-149.</marc:subfield>
      </marc:datafield>
      <marc:datafield tag="520" ind1=" " ind2=" ">
         <marc:subfield code="a">Two basic concepts of guild definition were developed in community ecology
        that enable simplification of complex communities or ecosystems into structural building
        blocks of species with similar niches. Root defined guild as a group of species utilising
        the same environmental resources by a similar foraging method. MacMahon et al. simplified
        the original definition even more by excluding a foraging method. This concept is focused on
        utilisation patterns of resources by species regardless the purpose of use. Our objectives
        were: (1) to test guild structure within a model ecosystem from matrices reflecting the
        differences between the two concepts, (2) to compare guild patterns detected by the two
        concepts, (3) to test whether the mixed forest ecosystem consists of significantly different
        groups of species representing deciduous and coniferous faunal elements. The study was
        conducted in a primeval beech-fir forest in NW Slovakia during 1997–2000. In total, 26 bird
        species were used for further numerical analyses. Two data matrices were constructed
        reflecting the differences between the two guild concepts. To statistically determine guild
        structure without arbitrary fusion criteria, a bootstrapped cluster analysis (UPGMA) of
        chord distances was employed to analyse the data matrices. Symmetric correspondence analysis
        (CA) was applied for extraction of eigenvectors responsible for the segregation of species
        into guilds. The classification proposed by Root produced two guild models at the levels of
        6 or 9 group partitions at α = 0.10, while the classification following MacMahon et al.
        detected 7 guild types. The guild structures based on the two concepts were significantly
        different when tested by two-tailed Wilcoxon paired sample tests and the Monte Carlo
        among-cluster error sum of squares (SSQ) distance simulation test. Six out of the eight
        interpretable factors (75%) indicated analogous environmental gradients when comparing two
        CA ordinations. The most important environmental gradients were: (1) vertical foraging
        substrate — habitat structure, (2) water — terrestrial foraging substrate gradient, (3)
        spatial tree morphology, (4) terrestrial foraging substrate gradient, (5) arboreal —
        airspace gradient, and (6) mountain stream environmental gradient. We did not detect
        significantly different guilds for generalists and for coniferous and deciduous forest
        specialists.</marc:subfield>
      </marc:datafield>
      <marc:datafield tag="592" ind1=" " ind2=" ">
         <marc:subfield code="a">Publisher supplied data</marc:subfield>
      </marc:datafield>
      <marc:datafield tag="593" ind1=" " ind2=" ">
         <marc:subfield code="a">PubAg article</marc:subfield>
      </marc:datafield>
      <marc:datafield tag="650" ind1=" " ind2="3">
         <marc:subfield code="a">birds</marc:subfield>
      </marc:datafield>
      <marc:datafield tag="650" ind1=" " ind2="3">
         <marc:subfield code="a">cluster analysis</marc:subfield>
      </marc:datafield>
      <marc:datafield tag="650" ind1=" " ind2="3">
         <marc:subfield code="a">correspondence analysis</marc:subfield>
      </marc:datafield>
      <marc:datafield tag="650" ind1=" " ind2="3">
         <marc:subfield code="a">deciduous forests</marc:subfield>
      </marc:datafield>
      <marc:datafield tag="650" ind1=" " ind2="3">
         <marc:subfield code="a">fauna</marc:subfield>
      </marc:datafield>
      <marc:datafield tag="650" ind1=" " ind2="3">
         <marc:subfield code="a">foraging</marc:subfield>
      </marc:datafield>
      <marc:datafield tag="650" ind1=" " ind2="3">
         <marc:subfield code="a">forest ecosystems</marc:subfield>
      </marc:datafield>
      <marc:datafield tag="650" ind1=" " ind2="3">
         <marc:subfield code="a">mixed forests</marc:subfield>
      </marc:datafield>
      <marc:datafield tag="650" ind1=" " ind2="3">
         <marc:subfield code="a">models</marc:subfield>
      </marc:datafield>
      <marc:datafield tag="650" ind1=" " ind2="3">
         <marc:subfield code="a">niches</marc:subfield>
      </marc:datafield>
      <marc:datafield tag="650" ind1=" " ind2="3">
         <marc:subfield code="a">streams</marc:subfield>
      </marc:datafield>
      <marc:datafield tag="650" ind1=" " ind2="3">
         <marc:subfield code="a">trees</marc:subfield>
      </marc:datafield>
      <marc:datafield tag="651" ind1=" " ind2="3">
         <marc:subfield code="a">Slovakia</marc:subfield>
      </marc:datafield>
      <marc:datafield tag="653" ind1=" " ind2="0">
         <marc:subfield code="a">A posteriori approach</marc:subfield>
      </marc:datafield>
      <marc:datafield tag="653" ind1=" " ind2="0">
         <marc:subfield code="a">Bootstrap testing</marc:subfield>
      </marc:datafield>
      <marc:datafield tag="653" ind1=" " ind2="0">
         <marc:subfield code="a">Cluster analysis</marc:subfield>
      </marc:datafield>
      <marc:datafield tag="653" ind1=" " ind2="0">
         <marc:subfield code="a">Generalist species</marc:subfield>
      </marc:datafield>
      <marc:datafield tag="653" ind1=" " ind2="0">
         <marc:subfield code="a">Guild concepts</marc:subfield>
      </marc:datafield>
      <marc:datafield tag="653" ind1=" " ind2="0">
         <marc:subfield code="a">Ordination</marc:subfield>
      </marc:datafield>
      <marc:datafield tag="653" ind1=" " ind2="0">
         <marc:subfield code="a">Specialist species</marc:subfield>
      </marc:datafield>
      <marc:datafield tag="653" ind1=" " ind2="0">
         <marc:subfield code="a">Šrámková National Nature Reserve</marc:subfield>
      </marc:datafield>
      <marc:datafield tag="700" ind1="1" ind2=" ">
         <marc:subfield code="a">Adamík, P.</marc:subfield>
         <marc:subfield code="e">author</marc:subfield>
         <marc:subfield code="u">Palacký University Department of Zoology Tř. Svobody 26 771 46 Olomouc
        Czech Republic</marc:subfield>
      </marc:datafield>
      <marc:datafield tag="773" ind1="0" ind2=" ">
         <marc:subfield code="t">Community ecology.</marc:subfield>
         <marc:subfield code="g">2007 Dec. 1, v. 8, no. 2 p.133-149</marc:subfield>
         <marc:subfield code="d">Akadémiai Kiadó</marc:subfield>
         <marc:subfield code="x">1585-8553</marc:subfield>
         <marc:subfield code="7">nnas</marc:subfield>
      </marc:datafield>
      <marc:datafield tag="787" ind1="1" ind2=" ">
         <marc:subfield code="o">islandora_article_repository</marc:subfield>
      </marc:datafield>
      <marc:datafield tag="787" ind1="1" ind2=" ">
         <marc:subfield code="o">product_pubag</marc:subfield>
      </marc:datafield>
      <marc:datafield tag="787" ind1="1" ind2=" ">
         <marc:subfield code="o">(Journal)J000000060</marc:subfield>
      </marc:datafield>
      <marc:datafield tag="856" ind1="4" ind2="0">
         <marc:subfield code="u">http://dx.doi.org/10.1556%2FComEc.8.2007.2.1</marc:subfield>
         <marc:subfield code="3">Available from publisher's site</marc:subfield>
      </marc:datafield>
      <marc:datafield tag="912" ind1=" " ind2=" ">
         <marc:subfield code="a">Article</marc:subfield>
      </marc:datafield>
      <marc:datafield tag="914" ind1=" " ind2=" ">
         <marc:subfield code="a">Journal:J000000060</marc:subfield>
         <marc:subfield code="b">1585-8553</marc:subfield>
         <marc:subfield code="c">8</marc:subfield>
         <marc:subfield code="d">2</marc:subfield>
         <marc:subfield code="e">133</marc:subfield>
      </marc:datafield>
      <marc:datafield tag="914" ind1=" " ind2=" ">
         <marc:subfield code="f">Community ecology</marc:subfield>
      </marc:datafield>
      <marc:datafield tag="916" ind1=" " ind2=" ">
         <marc:subfield code="a">Batch:1393</marc:subfield>
      </marc:datafield>
      <marc:datafield tag="917" ind1=" " ind2=" ">
         <marc:subfield code="a">issued</marc:subfield>
      </marc:datafield>
      <marc:datafield tag="918" ind1="2" ind2=" ">
         <marc:subfield code="a">Akademiai Kiado</marc:subfield>
         <marc:subfield code="e">provider</marc:subfield>
         <marc:subfield code="5">DNAL</marc:subfield>
      </marc:datafield>
      <marc:datafield tag="935" ind1=" " ind2=" ">
         <marc:subfield code="a">IND604794060</marc:subfield>
         <marc:subfield code="9">ExL</marc:subfield>
      </marc:datafield>
      <marc:datafield tag="949" ind1=" " ind2=" ">
         <marc:subfield code="a">2016-08-17</marc:subfield>
      </marc:datafield>
      <marc:datafield tag="953" ind1=" " ind2=" ">
         <marc:subfield code="a">168_8_2.zip</marc:subfield>
      </marc:datafield>
      <marc:datafield tag="962" ind1=" " ind2=" ">
         <marc:subfield code="a">Batch:1393 reviewed on 2016-08-17T11:00:02Z</marc:subfield>
      </marc:datafield>
      <marc:datafield tag="974" ind1=" " ind2=" ">
         <marc:subfield code="a">agid:4794060</marc:subfield>
      </marc:datafield>
      <marc:datafield tag="983" ind1=" " ind2=" ">
         <marc:subfield code="a">2016-01-21</marc:subfield>
      </marc:datafield>
      <marc:datafield tag="984" ind1=" " ind2=" ">
         <marc:subfield code="a">2016-08-17</marc:subfield>
      </marc:datafield>
   </marc:record>