
   <marc:record>
      <marc:leader>08629nab a2200649 u 4500</marc:leader>
      <marc:controlfield tag="001">9915633068507426</marc:controlfield>
      <marc:controlfield tag="005">20221119134719.0</marc:controlfield>
      <marc:controlfield tag="008">200106e20200201xx |||||o|||||||||||eng||</marc:controlfield>
      <marc:datafield tag="016" ind1="7" ind2=" ">
         <marc:subfield code="a">IND606785330</marc:subfield>
         <marc:subfield code="2">DNAL</marc:subfield>
      </marc:datafield>
      <marc:datafield tag="024" ind1="7" ind2=" ">
         <marc:subfield code="a">10.1016/j.foreco.2019.117734</marc:subfield>
         <marc:subfield code="2">doi</marc:subfield>
      </marc:datafield>
      <marc:datafield tag="035" ind1=" " ind2=" ">
         <marc:subfield code="a">agid:6785330-01nal_inst</marc:subfield>
      </marc:datafield>
      <marc:datafield tag="040" ind1=" " ind2=" ">
         <marc:subfield code="a">AGL</marc:subfield>
         <marc:subfield code="b">eng</marc:subfield>
         <marc:subfield code="c">AGL</marc:subfield>
      </marc:datafield>
      <marc:datafield tag="100" ind1="1" ind2=" ">
         <marc:subfield code="a">Synek, Michal</marc:subfield>
         <marc:subfield code="e">author</marc:subfield>
         <marc:subfield code="u">Czech University of Life Sciences Prague, Faculty of Forestry and Wood
        Sciences, Kamýcká 129, Praha 6, Suchdol 16521, Czech Republic</marc:subfield>
      </marc:datafield>
      <marc:datafield tag="245" ind1="1" ind2="0">
         <marc:subfield code="a">Contrasting patterns of natural mortality in primary Picea forests of the
        Carpathian Mountains</marc:subfield>
      </marc:datafield>
      <marc:datafield tag="520" ind1=" " ind2=" ">
         <marc:subfield code="a">Mortality, driven by both climate and disturbance legacies, is a key
        process shaping forest dynamics. Understanding the mortality patterns in primary forests in
        the absence of severe disturbances provides information on background natural dynamics of a
        given forest type under ongoing climate change. This can then be compared to mortality rates
        in severely-disturbed stands. Using a large number of sample plots along a gradient from low
        to high disturbance, we examined the mortality rates and composition of mortality agents in
        primary mountain Norway spruce (Picea abies (L.) Karst.) forests on different spatial
        scales. We evaluated the mortality rates and causes of mortality in 28 stands across a large
        geographical gradient spanning over 1000 km. We resampled (five-year period) 371 plots
        (16,287 living trees) in primary Norway spruce forests along the Carpathian mountain chain.
        The estimated overall annual mortality rate was within the previously reported range of
        background (ambient) mortality, however, stand-level and plot-level mortality rates varied
        substantially. Over 18% of plots displayed more than 2% annual mortality and 6% of plots
        even exceeded 10% per year. Stands in the Western Carpathians showed the highest variability
        in the mortality rate, with 30% of the stands in this region showing annual mortality rates
        over 5%. At the plot level, mixed-severity disturbances increased variability of mortality
        rates within most localities. Overall mortality was evenly distributed among size classes up
        to 50 cm diameter at breast height (DBH). However, the distributions differ for individual
        mortality agents. Mortality modes were classified into six categories (broken crown, broken
        stem, uprooted, competition, bark beetle/fungi, climatic extremes). Bark beetle (Ips
        typographus L.) infestation was the most frequent mortality agent in all stands, whereas the
        influence of competition as a mortality agent varied substantially. Mortality from
        abiotically-caused physical damage was similar to that from competition, yet the
        distribution among modes of physical damage (uprooted, crown, or stem breakage) varied. The
        lack of clear evidence of mortality agents in some locations implies that many tree deaths
        are caused by a combination of contributing factors. The results suggest the role of bark
        beetle as a mortality agent does not equate to severe mortality at large scales. Prevalence
        of different size classes affected by individual mortality agents underline the high
        complexity of the mortality process in primary forests.</marc:subfield>
      </marc:datafield>
      <marc:datafield tag="592" ind1=" " ind2=" ">
         <marc:subfield code="a">Publisher supplied data</marc:subfield>
      </marc:datafield>
      <marc:datafield tag="700" ind1="1" ind2=" ">
         <marc:subfield code="a">Janda, Pavel</marc:subfield>
         <marc:subfield code="e">author</marc:subfield>
         <marc:subfield code="u">Czech University of Life Sciences Prague, Faculty of Forestry and Wood
        Sciences, Kamýcká 129, Praha 6, Suchdol 16521, Czech Republic</marc:subfield>
      </marc:datafield>
      <marc:datafield tag="700" ind1="1" ind2=" ">
         <marc:subfield code="a">Mikoláš, Martin</marc:subfield>
         <marc:subfield code="e">author</marc:subfield>
         <marc:subfield code="u">Czech University of Life Sciences Prague, Faculty of Forestry and Wood
        Sciences, Kamýcká 129, Praha 6, Suchdol 16521, Czech Republic</marc:subfield>
      </marc:datafield>
      <marc:datafield tag="700" ind1="1" ind2=" ">
         <marc:subfield code="a">Nagel, Thomas A.</marc:subfield>
         <marc:subfield code="e">author</marc:subfield>
         <marc:subfield code="u">Czech University of Life Sciences Prague, Faculty of Forestry and Wood
        Sciences, Kamýcká 129, Praha 6, Suchdol 16521, Czech Republic</marc:subfield>
      </marc:datafield>
      <marc:datafield tag="700" ind1="1" ind2=" ">
         <marc:subfield code="a">Schurman, Jonathan S.</marc:subfield>
         <marc:subfield code="e">author</marc:subfield>
         <marc:subfield code="u">Czech University of Life Sciences Prague, Faculty of Forestry and Wood
        Sciences, Kamýcká 129, Praha 6, Suchdol 16521, Czech Republic</marc:subfield>
      </marc:datafield>
      <marc:datafield tag="700" ind1="1" ind2=" ">
         <marc:subfield code="a">Pettit, Joseph L.</marc:subfield>
         <marc:subfield code="e">author</marc:subfield>
         <marc:subfield code="u">Czech University of Life Sciences Prague, Faculty of Forestry and Wood
        Sciences, Kamýcká 129, Praha 6, Suchdol 16521, Czech Republic</marc:subfield>
      </marc:datafield>
      <marc:datafield tag="700" ind1="1" ind2=" ">
         <marc:subfield code="a">Trotsiuk, Volodymyr</marc:subfield>
         <marc:subfield code="e">author</marc:subfield>
         <marc:subfield code="u">Czech University of Life Sciences Prague, Faculty of Forestry and Wood
        Sciences, Kamýcká 129, Praha 6, Suchdol 16521, Czech Republic</marc:subfield>
      </marc:datafield>
      <marc:datafield tag="700" ind1="1" ind2=" ">
         <marc:subfield code="a">Morrissey, Robert C.</marc:subfield>
         <marc:subfield code="e">author</marc:subfield>
         <marc:subfield code="u">Czech University of Life Sciences Prague, Faculty of Forestry and Wood
        Sciences, Kamýcká 129, Praha 6, Suchdol 16521, Czech Republic</marc:subfield>
      </marc:datafield>
      <marc:datafield tag="700" ind1="1" ind2=" ">
         <marc:subfield code="a">Bače, Radek</marc:subfield>
         <marc:subfield code="e">author</marc:subfield>
         <marc:subfield code="u">Czech University of Life Sciences Prague, Faculty of Forestry and Wood
        Sciences, Kamýcká 129, Praha 6, Suchdol 16521, Czech Republic</marc:subfield>
      </marc:datafield>
      <marc:datafield tag="700" ind1="1" ind2=" ">
         <marc:subfield code="a">Čada, Vojtěch</marc:subfield>
         <marc:subfield code="e">author</marc:subfield>
         <marc:subfield code="u">Czech University of Life Sciences Prague, Faculty of Forestry and Wood
        Sciences, Kamýcká 129, Praha 6, Suchdol 16521, Czech Republic</marc:subfield>
      </marc:datafield>
      <marc:datafield tag="700" ind1="1" ind2=" ">
         <marc:subfield code="a">Brang, Peter</marc:subfield>
         <marc:subfield code="e">author</marc:subfield>
         <marc:subfield code="u">Swiss Federal Institute for Forest, Snow and Landscape Research WSL,
        Zürcherstrasse 111, Birmensdorf CH-8903, Switzerland</marc:subfield>
      </marc:datafield>
      <marc:datafield tag="700" ind1="1" ind2=" ">
         <marc:subfield code="a">Bugmann, Harald</marc:subfield>
         <marc:subfield code="e">author</marc:subfield>
         <marc:subfield code="u">Forest Ecology, Department of Environmental Systems Science, ETH Zurich,
        Universitätstrasse 16, Zürich CH-8092, Switzerland</marc:subfield>
      </marc:datafield>
      <marc:datafield tag="700" ind1="1" ind2=" ">
         <marc:subfield code="a">Begovič, Krešimir</marc:subfield>
         <marc:subfield code="e">author</marc:subfield>
         <marc:subfield code="u">Czech University of Life Sciences Prague, Faculty of Forestry and Wood
        Sciences, Kamýcká 129, Praha 6, Suchdol 16521, Czech Republic</marc:subfield>
      </marc:datafield>
      <marc:datafield tag="700" ind1="1" ind2=" ">
         <marc:subfield code="a">Chaskovskyy, Oleh</marc:subfield>
         <marc:subfield code="e">author</marc:subfield>
         <marc:subfield code="u">Faculty of Forestry, Ukrainian National Forestry University, Gen. Chuprynka
        103, Lviv 790 57, Ukraine</marc:subfield>
      </marc:datafield>
      <marc:datafield tag="700" ind1="1" ind2=" ">
         <marc:subfield code="a">Dušátko, Martin</marc:subfield>
         <marc:subfield code="e">author</marc:subfield>
         <marc:subfield code="u">Czech University of Life Sciences Prague, Faculty of Forestry and Wood
        Sciences, Kamýcká 129, Praha 6, Suchdol 16521, Czech Republic</marc:subfield>
      </marc:datafield>
      <marc:datafield tag="700" ind1="1" ind2=" ">
         <marc:subfield code="a">Frankovič, Michal</marc:subfield>
         <marc:subfield code="e">author</marc:subfield>
         <marc:subfield code="u">Czech University of Life Sciences Prague, Faculty of Forestry and Wood
        Sciences, Kamýcká 129, Praha 6, Suchdol 16521, Czech Republic</marc:subfield>
      </marc:datafield>
      <marc:datafield tag="700" ind1="1" ind2=" ">
         <marc:subfield code="a">Kameniar, Ondrej</marc:subfield>
         <marc:subfield code="e">author</marc:subfield>
         <marc:subfield code="u">Czech University of Life Sciences Prague, Faculty of Forestry and Wood
        Sciences, Kamýcká 129, Praha 6, Suchdol 16521, Czech Republic</marc:subfield>
      </marc:datafield>
      <marc:datafield tag="700" ind1="1" ind2=" ">
         <marc:subfield code="a">Kníř, Tomáš</marc:subfield>
         <marc:subfield code="e">author</marc:subfield>
         <marc:subfield code="u">Czech University of Life Sciences Prague, Faculty of Forestry and Wood
        Sciences, Kamýcká 129, Praha 6, Suchdol 16521, Czech Republic</marc:subfield>
      </marc:datafield>
      <marc:datafield tag="700" ind1="1" ind2=" ">
         <marc:subfield code="a">Kozák, Daniel</marc:subfield>
         <marc:subfield code="e">author</marc:subfield>
         <marc:subfield code="u">Czech University of Life Sciences Prague, Faculty of Forestry and Wood
        Sciences, Kamýcká 129, Praha 6, Suchdol 16521, Czech Republic</marc:subfield>
      </marc:datafield>
      <marc:datafield tag="700" ind1="1" ind2=" ">
         <marc:subfield code="a">Langbehn, Thomas</marc:subfield>
         <marc:subfield code="e">author</marc:subfield>
         <marc:subfield code="u">Czech University of Life Sciences Prague, Faculty of Forestry and Wood
        Sciences, Kamýcká 129, Praha 6, Suchdol 16521, Czech Republic</marc:subfield>
      </marc:datafield>
      <marc:datafield tag="700" ind1="1" ind2=" ">
         <marc:subfield code="a">Málek, Jakub</marc:subfield>
         <marc:subfield code="e">author</marc:subfield>
         <marc:subfield code="u">Czech University of Life Sciences Prague, Faculty of Forestry and Wood
        Sciences, Kamýcká 129, Praha 6, Suchdol 16521, Czech Republic</marc:subfield>
      </marc:datafield>
      <marc:datafield tag="700" ind1="1" ind2=" ">
         <marc:subfield code="a">Rodrigo, Ruffy</marc:subfield>
         <marc:subfield code="e">author</marc:subfield>
         <marc:subfield code="u">Czech University of Life Sciences Prague, Faculty of Forestry and Wood
        Sciences, Kamýcká 129, Praha 6, Suchdol 16521, Czech Republic</marc:subfield>
      </marc:datafield>
      <marc:datafield tag="700" ind1="1" ind2=" ">
         <marc:subfield code="a">Saulnier, Mélanie</marc:subfield>
         <marc:subfield code="e">author</marc:subfield>
         <marc:subfield code="u">Czech University of Life Sciences Prague, Faculty of Forestry and Wood
        Sciences, Kamýcká 129, Praha 6, Suchdol 16521, Czech Republic</marc:subfield>
      </marc:datafield>
      <marc:datafield tag="700" ind1="1" ind2=" ">
         <marc:subfield code="a">Teodosiu, Marius</marc:subfield>
         <marc:subfield code="e">author</marc:subfield>
         <marc:subfield code="u">“Marin Dracea” National Research-Development Institute in Forestry, Station
        Campulung Moldovenesc, Calea Bucovinei 73b, Campulung Moldovenesc, Suceava 725100,
        Romania</marc:subfield>
      </marc:datafield>
      <marc:datafield tag="700" ind1="1" ind2=" ">
         <marc:subfield code="a">Vostarek, Ondřej</marc:subfield>
         <marc:subfield code="e">author</marc:subfield>
         <marc:subfield code="u">Czech University of Life Sciences Prague, Faculty of Forestry and Wood
        Sciences, Kamýcká 129, Praha 6, Suchdol 16521, Czech Republic</marc:subfield>
      </marc:datafield>
      <marc:datafield tag="700" ind1="1" ind2=" ">
         <marc:subfield code="a">Svoboda, Miroslav</marc:subfield>
         <marc:subfield code="e">author</marc:subfield>
         <marc:subfield code="u">Czech University of Life Sciences Prague, Faculty of Forestry and Wood
        Sciences, Kamýcká 129, Praha 6, Suchdol 16521, Czech Republic</marc:subfield>
      </marc:datafield>
      <marc:datafield tag="773" ind1="0" ind2=" ">
         <marc:subfield code="t">Forest ecology and management.</marc:subfield>
         <marc:subfield code="g">2020 Feb. 01, v. 457 p.117734-</marc:subfield>
         <marc:subfield code="d">Elsevier B.V.</marc:subfield>
         <marc:subfield code="w">Journal:jnl9013</marc:subfield>
         <marc:subfield code="x">0378-1127</marc:subfield>
         <marc:subfield code="7">nnas</marc:subfield>
      </marc:datafield>
      <marc:datafield tag="787" ind1="1" ind2=" ">
         <marc:subfield code="o">islandora_article_repository</marc:subfield>
      </marc:datafield>
      <marc:datafield tag="787" ind1="1" ind2=" ">
         <marc:subfield code="o">(Journal)jnl9013</marc:subfield>
      </marc:datafield>
      <marc:datafield tag="856" ind1="4" ind2="0">
         <marc:subfield code="u">https://dx.doi.org/10.1016/j.foreco.2019.117734</marc:subfield>
         <marc:subfield code="3">Available from publisher's site</marc:subfield>
      </marc:datafield>
      <marc:datafield tag="912" ind1=" " ind2=" ">
         <marc:subfield code="a">Article</marc:subfield>
      </marc:datafield>
      <marc:datafield tag="914" ind1=" " ind2=" ">
         <marc:subfield code="a">Journal:jnl9013</marc:subfield>
         <marc:subfield code="b">0378-1127</marc:subfield>
         <marc:subfield code="c">457</marc:subfield>
         <marc:subfield code="e">117734</marc:subfield>
      </marc:datafield>
      <marc:datafield tag="914" ind1=" " ind2=" ">
         <marc:subfield code="f">Forest ecology and management</marc:subfield>
      </marc:datafield>
      <marc:datafield tag="917" ind1=" " ind2=" ">
         <marc:subfield code="a">review</marc:subfield>
      </marc:datafield>
      <marc:datafield tag="918" ind1="2" ind2=" ">
         <marc:subfield code="a">Elsevier Consyn</marc:subfield>
         <marc:subfield code="e">provider</marc:subfield>
         <marc:subfield code="5">DNAL</marc:subfield>
      </marc:datafield>
      <marc:datafield tag="935" ind1=" " ind2=" ">
         <marc:subfield code="a">IND606785330</marc:subfield>
         <marc:subfield code="9">ExL</marc:subfield>
      </marc:datafield>
      <marc:datafield tag="953" ind1=" " ind2=" ">
         <marc:subfield code="a">/data/metadata/incoming/consyn/218442482522347133-00001-HEAD-ONLY-REVISEDSUBJECTLIST.zip</marc:subfield>
      </marc:datafield>
      <marc:datafield tag="954" ind1=" " ind2=" ">
         <marc:subfield code="a">file:/data/metadata/staging/consyn/S0378112719313349.xml</marc:subfield>
      </marc:datafield>
      <marc:datafield tag="955" ind1=" " ind2=" ">
         <marc:subfield code="a">/data/metadata/staging/consyn/</marc:subfield>
      </marc:datafield>
      <marc:datafield tag="974" ind1=" " ind2=" ">
         <marc:subfield code="a">agid:6785330</marc:subfield>
      </marc:datafield>
      <marc:datafield tag="983" ind1=" " ind2=" ">
         <marc:subfield code="a">2020-01-06</marc:subfield>
      </marc:datafield>
      <marc:datafield tag="984" ind1=" " ind2=" ">
         <marc:subfield code="a">2020-01-06</marc:subfield>
      </marc:datafield>
   </marc:record>