
   <marc:record>
      <marc:leader>07417nab a2200937 u 4500</marc:leader>
      <marc:controlfield tag="001">9915633336807426</marc:controlfield>
      <marc:controlfield tag="005">20221119140639.0</marc:controlfield>
      <marc:controlfield tag="008">200907e20200901xx |||||o|||||||||||eng||</marc:controlfield>
      <marc:datafield tag="016" ind1="7" ind2=" ">
         <marc:subfield code="a">IND606961928</marc:subfield>
         <marc:subfield code="2">DNAL</marc:subfield>
      </marc:datafield>
      <marc:datafield tag="024" ind1="7" ind2=" ">
         <marc:subfield code="a">10.1016/j.rse.2020.111862</marc:subfield>
         <marc:subfield code="2">doi</marc:subfield>
      </marc:datafield>
      <marc:datafield tag="035" ind1=" " ind2=" ">
         <marc:subfield code="a">agid:6961928-01nal_inst</marc:subfield>
      </marc:datafield>
      <marc:datafield tag="040" ind1=" " ind2=" ">
         <marc:subfield code="a">AGL</marc:subfield>
         <marc:subfield code="b">eng</marc:subfield>
         <marc:subfield code="c">AGL</marc:subfield>
      </marc:datafield>
      <marc:datafield tag="100" ind1="1" ind2=" ">
         <marc:subfield code="a">Lukeš, Petr</marc:subfield>
         <marc:subfield code="e">author</marc:subfield>
         <marc:subfield code="u">Global Change Research Institute, Academy of Sciences of the Czech
        Republic, Bělidla 4a, 60300 Brno, Czech Republic</marc:subfield>
         <marc:subfield code="1">https://orcid.org/0000-0002-3707-6557</marc:subfield>
      </marc:datafield>
      <marc:datafield tag="245" ind1="1" ind2="0">
         <marc:subfield code="a">Upscaling seasonal phenological course of leaf dorsiventral reflectance in
        radiative transfer model</marc:subfield>
      </marc:datafield>
      <marc:datafield tag="500" ind1=" " ind2=" ">
         <marc:subfield code="a">NAL-AP-2-clean</marc:subfield>
      </marc:datafield>
      <marc:datafield tag="520" ind1=" " ind2=" ">
         <marc:subfield code="a">Forest top-of-canopy (TOC) reflectance observed by remote sensing
        instruments is driven by a wide range of parameters, including optical properties of leaves
        being the major driver, understory and bark together with structural properties of the
        forest - spatial distribution of leaves and branches in the canopy contributing also to
        variable extent. In addition, the instantaneous observation geometry (e.g. the sun and
        sensor zenith and azimuth angles) largely influences the observed TOC reflectance due to the
        changes in shadow fraction in the canopies. As a result, forest TOC reflectance is highly
        dynamic, following the seasonal patterns of optical and structural properties of
        vegetation.From the above-mentioned factors, the leaf optical properties are the most
        important. They hold an information on leaf biochemical (e.g. chlorophyll and carotenoid
        contents), water content and structural (e.g., leaf thickness, distribution of pigments
        within a leaf) properties at the leaf-level. Whereas biochemical effects on leaf reflectance
        are well understood, the role of dorsiventral asymmetry leaf internal structure on two-sided
        leaf optical properties has not been paid much attention, assuming equal optical properties
        on both leaf sides. However, the internal structure of a dorsiventral leaf is highly
        asymmetric often having different surface structure, tissue density and pigment
        distribution. Moreover, leaf optical properties are rarely measured during phenological
        development with high time resolution. Typically, studies focus on peak growing season
        neglecting the dynamic seasonal change of optical properties for broadleaved vegetation of
        temperate forests.In this study, we measured the seasonal course of leaf-level two-sided
        optical properties, biochemical and structural traits of five common broadleaved tree
        species of Central Europe (Betula pendula, Fagus sylvatica, Acer pseudoplatanus, Acer
        platanoides, and Sorbus aucuparia) with a typical dorsiventral, leaf anatomy without
        heliotropism. We link their leaf optical properties (e.g. reflectance difference of adaxial
        and abaxial sides, reflectance to transmittance ratio, fraction of specular component of
        leaf reflectance) with the laboratory analyses of inner leaf structure for contrasting leaf
        phenological stages from spring to fall. This allowed us to quantify both, species and
        seasonal differences of leaf dorsiventral optical properties and the role of inner leaf
        structure on leaf dorsiventral optical properties. Next, we up-scaled measured leaf-level
        dorsiventral optical properties to canopy level using Discrete Anisotropic Radiative
        Transfer model (DART) for three contrasting seasonal phenological stages - early spring (day
        of the year; DOY 115), summer (DOY 212) and fall (DOY 285). The aim was to quantify the
        impact of leaf optical properties parametrization (i.e. assuming equal optical properties on
        both sides, or dorsiventral leaf optical properties asymmetry) for forest of different
        species composition, vegetation phenological stage and observation geometries. The biggest
        differences between simulations were observed in VIS and NIR regions, where the neglecting
        differences in abaxial side leaf reflectance may introduce relative difference up to 20%,
        causing the underestimation of “one-sided” scenario compared to “two-sided” one, especially
        for off-nadir backscattering viewing directions. This may lead to increase in uncertainty
        when interpreting remote sensing observations, namely the chlorophyll content retrievals
        from back-scattering observation geometries and canopy structural retrievals (e.g. leaf area
        index) for all viewing geometries. We, thus, suggest to account for leaf reflectance
        dorsiventral differences in the next generation of radiative transfer models.</marc:subfield>
      </marc:datafield>
      <marc:datafield tag="592" ind1=" " ind2=" ">
         <marc:subfield code="a">Publisher supplied data</marc:subfield>
      </marc:datafield>
      <marc:datafield tag="593" ind1=" " ind2=" ">
         <marc:subfield code="a">PubAg article</marc:subfield>
      </marc:datafield>
      <marc:datafield tag="650" ind1=" " ind2="3">
         <marc:subfield code="a">Acer platanoides</marc:subfield>
      </marc:datafield>
      <marc:datafield tag="650" ind1=" " ind2="3">
         <marc:subfield code="a">Acer pseudoplatanus</marc:subfield>
      </marc:datafield>
      <marc:datafield tag="650" ind1=" " ind2="3">
         <marc:subfield code="a">Betula pendula</marc:subfield>
      </marc:datafield>
      <marc:datafield tag="650" ind1=" " ind2="3">
         <marc:subfield code="a">Fagus sylvatica</marc:subfield>
      </marc:datafield>
      <marc:datafield tag="650" ind1=" " ind2="3">
         <marc:subfield code="a">Sorbus aucuparia</marc:subfield>
      </marc:datafield>
      <marc:datafield tag="650" ind1=" " ind2="3">
         <marc:subfield code="a">anisotropy</marc:subfield>
      </marc:datafield>
      <marc:datafield tag="650" ind1=" " ind2="3">
         <marc:subfield code="a">asymmetry</marc:subfield>
      </marc:datafield>
      <marc:datafield tag="650" ind1=" " ind2="3">
         <marc:subfield code="a">bark</marc:subfield>
      </marc:datafield>
      <marc:datafield tag="650" ind1=" " ind2="3">
         <marc:subfield code="a">broadleaved trees</marc:subfield>
      </marc:datafield>
      <marc:datafield tag="650" ind1=" " ind2="3">
         <marc:subfield code="a">canopy</marc:subfield>
      </marc:datafield>
      <marc:datafield tag="650" ind1=" " ind2="3">
         <marc:subfield code="a">carotenoids</marc:subfield>
      </marc:datafield>
      <marc:datafield tag="650" ind1=" " ind2="3">
         <marc:subfield code="a">chlorophyll</marc:subfield>
      </marc:datafield>
      <marc:datafield tag="650" ind1=" " ind2="3">
         <marc:subfield code="a">environment</marc:subfield>
      </marc:datafield>
      <marc:datafield tag="650" ind1=" " ind2="3">
         <marc:subfield code="a">forests</marc:subfield>
      </marc:datafield>
      <marc:datafield tag="650" ind1=" " ind2="3">
         <marc:subfield code="a">geometry</marc:subfield>
      </marc:datafield>
      <marc:datafield tag="650" ind1=" " ind2="3">
         <marc:subfield code="a">heliotropism</marc:subfield>
      </marc:datafield>
      <marc:datafield tag="650" ind1=" " ind2="3">
         <marc:subfield code="a">leaf anatomy</marc:subfield>
      </marc:datafield>
      <marc:datafield tag="650" ind1=" " ind2="3">
         <marc:subfield code="a">leaf area index</marc:subfield>
      </marc:datafield>
      <marc:datafield tag="650" ind1=" " ind2="3">
         <marc:subfield code="a">leaf reflectance</marc:subfield>
      </marc:datafield>
      <marc:datafield tag="650" ind1=" " ind2="3">
         <marc:subfield code="a">leaf thickness</marc:subfield>
      </marc:datafield>
      <marc:datafield tag="650" ind1=" " ind2="3">
         <marc:subfield code="a">models</marc:subfield>
      </marc:datafield>
      <marc:datafield tag="650" ind1=" " ind2="3">
         <marc:subfield code="a">phenology</marc:subfield>
      </marc:datafield>
      <marc:datafield tag="650" ind1=" " ind2="3">
         <marc:subfield code="a">radiative transfer</marc:subfield>
      </marc:datafield>
      <marc:datafield tag="650" ind1=" " ind2="3">
         <marc:subfield code="a">reflectance</marc:subfield>
      </marc:datafield>
      <marc:datafield tag="650" ind1=" " ind2="3">
         <marc:subfield code="a">seasonal variation</marc:subfield>
      </marc:datafield>
      <marc:datafield tag="650" ind1=" " ind2="3">
         <marc:subfield code="a">species diversity</marc:subfield>
      </marc:datafield>
      <marc:datafield tag="650" ind1=" " ind2="3">
         <marc:subfield code="a">spring</marc:subfield>
      </marc:datafield>
      <marc:datafield tag="650" ind1=" " ind2="3">
         <marc:subfield code="a">summer</marc:subfield>
      </marc:datafield>
      <marc:datafield tag="650" ind1=" " ind2="3">
         <marc:subfield code="a">transmittance</marc:subfield>
      </marc:datafield>
      <marc:datafield tag="650" ind1=" " ind2="3">
         <marc:subfield code="a">uncertainty</marc:subfield>
      </marc:datafield>
      <marc:datafield tag="650" ind1=" " ind2="3">
         <marc:subfield code="a">understory</marc:subfield>
      </marc:datafield>
      <marc:datafield tag="650" ind1=" " ind2="3">
         <marc:subfield code="a">water content</marc:subfield>
      </marc:datafield>
      <marc:datafield tag="651" ind1=" " ind2="3">
         <marc:subfield code="a">Central European region</marc:subfield>
      </marc:datafield>
      <marc:datafield tag="653" ind1=" " ind2="0">
         <marc:subfield code="a">Adaxial and abaxial epidermis</marc:subfield>
      </marc:datafield>
      <marc:datafield tag="653" ind1=" " ind2="0">
         <marc:subfield code="a">Biochemistry</marc:subfield>
      </marc:datafield>
      <marc:datafield tag="653" ind1=" " ind2="0">
         <marc:subfield code="a">Dorsiventral leaf palisade and spongy mesophyll parenchyma</marc:subfield>
      </marc:datafield>
      <marc:datafield tag="653" ind1=" " ind2="0">
         <marc:subfield code="a">Leaf optical properties</marc:subfield>
      </marc:datafield>
      <marc:datafield tag="653" ind1=" " ind2="0">
         <marc:subfield code="a">Leaf structure</marc:subfield>
      </marc:datafield>
      <marc:datafield tag="653" ind1=" " ind2="0">
         <marc:subfield code="a">Radiative transfer model</marc:subfield>
      </marc:datafield>
      <marc:datafield tag="653" ind1=" " ind2="0">
         <marc:subfield code="a">Seasonal trends</marc:subfield>
      </marc:datafield>
      <marc:datafield tag="700" ind1="1" ind2=" ">
         <marc:subfield code="a">Neuwirthová, Eva</marc:subfield>
         <marc:subfield code="e">author</marc:subfield>
         <marc:subfield code="u">Department of Experimental Plant Biology, Faculty of Science, Charles
        University in Prague, Viničná 5, 12844 Prague, Czech Republic</marc:subfield>
      </marc:datafield>
      <marc:datafield tag="700" ind1="1" ind2=" ">
         <marc:subfield code="a">Lhotáková, Zuzana</marc:subfield>
         <marc:subfield code="e">author</marc:subfield>
         <marc:subfield code="u">Department of Experimental Plant Biology, Faculty of Science, Charles
        University in Prague, Viničná 5, 12844 Prague, Czech Republic</marc:subfield>
      </marc:datafield>
      <marc:datafield tag="700" ind1="1" ind2=" ">
         <marc:subfield code="a">Janoutová, Růžena</marc:subfield>
         <marc:subfield code="e">author</marc:subfield>
         <marc:subfield code="u">Global Change Research Institute, Academy of Sciences of the Czech
        Republic, Bělidla 4a, 60300 Brno, Czech Republic</marc:subfield>
      </marc:datafield>
      <marc:datafield tag="700" ind1="1" ind2=" ">
         <marc:subfield code="a">Albrechtová, Jana</marc:subfield>
         <marc:subfield code="e">author</marc:subfield>
         <marc:subfield code="u">Department of Experimental Plant Biology, Faculty of Science, Charles
        University in Prague, Viničná 5, 12844 Prague, Czech Republic</marc:subfield>
      </marc:datafield>
      <marc:datafield tag="773" ind1="0" ind2=" ">
         <marc:subfield code="t">Remote sensing of environment.</marc:subfield>
         <marc:subfield code="g">2020 Sept. 01, v. 246 p.111862-</marc:subfield>
         <marc:subfield code="d">Elsevier Inc.</marc:subfield>
         <marc:subfield code="w">Journal:11735</marc:subfield>
         <marc:subfield code="x">0034-4257</marc:subfield>
         <marc:subfield code="7">nnas</marc:subfield>
      </marc:datafield>
      <marc:datafield tag="787" ind1="1" ind2=" ">
         <marc:subfield code="o">islandora_article_repository</marc:subfield>
      </marc:datafield>
      <marc:datafield tag="787" ind1="1" ind2=" ">
         <marc:subfield code="o">product_pubag</marc:subfield>
      </marc:datafield>
      <marc:datafield tag="787" ind1="1" ind2=" ">
         <marc:subfield code="o">(Journal)11735</marc:subfield>
      </marc:datafield>
      <marc:datafield tag="856" ind1="4" ind2="0">
         <marc:subfield code="u">https://dx.doi.org/10.1016/j.rse.2020.111862</marc:subfield>
         <marc:subfield code="3">Available from publisher's site</marc:subfield>
      </marc:datafield>
      <marc:datafield tag="912" ind1=" " ind2=" ">
         <marc:subfield code="a">Article</marc:subfield>
      </marc:datafield>
      <marc:datafield tag="914" ind1=" " ind2=" ">
         <marc:subfield code="a">Journal:11735</marc:subfield>
         <marc:subfield code="b">0034-4257</marc:subfield>
         <marc:subfield code="c">246</marc:subfield>
         <marc:subfield code="e">111862</marc:subfield>
      </marc:datafield>
      <marc:datafield tag="914" ind1=" " ind2=" ">
         <marc:subfield code="f">Remote sensing of environment</marc:subfield>
      </marc:datafield>
      <marc:datafield tag="916" ind1=" " ind2=" ">
         <marc:subfield code="a">Batch:10147</marc:subfield>
      </marc:datafield>
      <marc:datafield tag="917" ind1=" " ind2=" ">
         <marc:subfield code="a">issued</marc:subfield>
      </marc:datafield>
      <marc:datafield tag="918" ind1="2" ind2=" ">
         <marc:subfield code="a">Elsevier Consyn</marc:subfield>
         <marc:subfield code="e">provider</marc:subfield>
         <marc:subfield code="5">DNAL</marc:subfield>
      </marc:datafield>
      <marc:datafield tag="935" ind1=" " ind2=" ">
         <marc:subfield code="a">IND606961928</marc:subfield>
         <marc:subfield code="9">ExL</marc:subfield>
      </marc:datafield>
      <marc:datafield tag="949" ind1=" " ind2=" ">
         <marc:subfield code="a">2021-06-18</marc:subfield>
      </marc:datafield>
      <marc:datafield tag="953" ind1=" " ind2=" ">
         <marc:subfield code="a">/data/metadata/incoming/consyn/729529048748138681-00001-HEAD-ONLY-NEW
        CONSYN ISSNS.zip</marc:subfield>
      </marc:datafield>
      <marc:datafield tag="954" ind1=" " ind2=" ">
         <marc:subfield code="a">file:/data/metadata/staging/consyn/S0034425720302327.xml</marc:subfield>
      </marc:datafield>
      <marc:datafield tag="955" ind1=" " ind2=" ">
         <marc:subfield code="a">/data/metadata/staging/consyn/</marc:subfield>
      </marc:datafield>
      <marc:datafield tag="974" ind1=" " ind2=" ">
         <marc:subfield code="a">agid:6961928</marc:subfield>
      </marc:datafield>
      <marc:datafield tag="983" ind1=" " ind2=" ">
         <marc:subfield code="a">2020-09-07</marc:subfield>
      </marc:datafield>
      <marc:datafield tag="984" ind1=" " ind2=" ">
         <marc:subfield code="a">2021-06-18</marc:subfield>
      </marc:datafield>
   </marc:record>