
   <marc:record>
      <marc:leader>05254nab a2200685 u 4500</marc:leader>
      <marc:controlfield tag="001">9915633368407426</marc:controlfield>
      <marc:controlfield tag="005">20221119140817.0</marc:controlfield>
      <marc:controlfield tag="008">200907e20200901xx |||||o|||||||||||eng||</marc:controlfield>
      <marc:datafield tag="016" ind1="7" ind2=" ">
         <marc:subfield code="a">IND606961926</marc:subfield>
         <marc:subfield code="2">DNAL</marc:subfield>
      </marc:datafield>
      <marc:datafield tag="024" ind1="7" ind2=" ">
         <marc:subfield code="a">10.1016/j.rse.2020.111856</marc:subfield>
         <marc:subfield code="2">doi</marc:subfield>
      </marc:datafield>
      <marc:datafield tag="035" ind1=" " ind2=" ">
         <marc:subfield code="a">agid:6961926-01nal_inst</marc:subfield>
      </marc:datafield>
      <marc:datafield tag="040" ind1=" " ind2=" ">
         <marc:subfield code="a">AGL</marc:subfield>
         <marc:subfield code="b">eng</marc:subfield>
         <marc:subfield code="c">AGL</marc:subfield>
      </marc:datafield>
      <marc:datafield tag="100" ind1="1" ind2=" ">
         <marc:subfield code="a">Cooper, Sam</marc:subfield>
         <marc:subfield code="e">author</marc:subfield>
         <marc:subfield code="u">Geography Department, Humboldt-Universität zu Berlin, Unter den Linden 6,
        Berlin 10099, Germany</marc:subfield>
      </marc:datafield>
      <marc:datafield tag="245" ind1="1" ind2="0">
         <marc:subfield code="a">Disentangling fractional vegetation cover: Regression-based unmixing of
        simulated spaceborne imaging spectroscopy data</marc:subfield>
      </marc:datafield>
      <marc:datafield tag="500" ind1=" " ind2=" ">
         <marc:subfield code="a">NAL-AP-2-clean</marc:subfield>
      </marc:datafield>
      <marc:datafield tag="520" ind1=" " ind2=" ">
         <marc:subfield code="a">The next generation of spaceborne imaging spectrometers will enable
        hyperspectral analysis of vegetation cover across large spatial extents. Spectral unmixing
        provides a means to assess subpixel vegetation composition in such imagery. Here we
        implement a regression-based unmixing approach to generate fractional vegetation cover on a
        regional scale from a simulated Environmental Mapping and Analysis Program (EnMAP) satellite
        scene derived from Airborne Visible InfraRed Imaging Spectrometer (AVIRIS) imagery acquired
        over the San Francisco Bay Area, California, USA, an area with a mixture of temperate and
        Mediterranean climate forests, woodlands and shrublands. A hierarchical classification
        scheme was implemented that considered fractional cover of vegetation as a whole (vegetation
        vs non-vegetation), vegetation life forms (woody vs non-woody vegetation; tree vs shrub vs
        grass), and tree leaf type (needleleaf vs broadleaf). A Gaussian Process Regression (GPR)
        model was trained using synthetically-mixed training data generated from an endmember
        library, and mapping accuracy was assessed using an independent validation dataset across
        four ecoregions. Our approach was able to effectively model landscape patterns at all levels
        of the class hierarchy. Site-wide map accuracy was highest when mapping generic vegetation
        fractions (MAE = 3.8%) and expectedly decreased at more complex hierarchy levels, with
        highest errors observed when separating tree and shrub fractions. Still, fraction estimates
        of needleleaf trees (MAE = 10.6%), broadleaf trees (MAE = 13.1%) and shrubs (MAE = 15.3%)
        were mapped with low overall error. Using Landsat imagery led to an average decrease in map
        accuracy of 1.9% when compared to hyperspectral image analysis and a maximum decrease of
        3.5% when separating broadleaf and needleleaf trees across all sites. Further, a single
        regional model was shown to yield comparable results to multiple local ecoregion-based
        models, facilitating the analysis of large regions without creating a separate model for
        each region. Our results highlight the utility of regression-based approaches for
        quantitative vegetation mapping, which is of particular interest for future spaceborne
        imaging spectroscopy missions operating across large areas at moderate spatial
        resolution.</marc:subfield>
      </marc:datafield>
      <marc:datafield tag="592" ind1=" " ind2=" ">
         <marc:subfield code="a">Publisher supplied data</marc:subfield>
      </marc:datafield>
      <marc:datafield tag="593" ind1=" " ind2=" ">
         <marc:subfield code="a">PubAg article</marc:subfield>
      </marc:datafield>
      <marc:datafield tag="650" ind1=" " ind2="3">
         <marc:subfield code="a">Landsat</marc:subfield>
      </marc:datafield>
      <marc:datafield tag="650" ind1=" " ind2="3">
         <marc:subfield code="a">Mediterranean climate</marc:subfield>
      </marc:datafield>
      <marc:datafield tag="650" ind1=" " ind2="3">
         <marc:subfield code="a">botanical composition</marc:subfield>
      </marc:datafield>
      <marc:datafield tag="650" ind1=" " ind2="3">
         <marc:subfield code="a">data collection</marc:subfield>
      </marc:datafield>
      <marc:datafield tag="650" ind1=" " ind2="3">
         <marc:subfield code="a">environment</marc:subfield>
      </marc:datafield>
      <marc:datafield tag="650" ind1=" " ind2="3">
         <marc:subfield code="a">fractional vegetation cover</marc:subfield>
      </marc:datafield>
      <marc:datafield tag="650" ind1=" " ind2="3">
         <marc:subfield code="a">grasses</marc:subfield>
      </marc:datafield>
      <marc:datafield tag="650" ind1=" " ind2="3">
         <marc:subfield code="a">hyperspectral imagery</marc:subfield>
      </marc:datafield>
      <marc:datafield tag="650" ind1=" " ind2="3">
         <marc:subfield code="a">image analysis</marc:subfield>
      </marc:datafield>
      <marc:datafield tag="650" ind1=" " ind2="3">
         <marc:subfield code="a">landscapes</marc:subfield>
      </marc:datafield>
      <marc:datafield tag="650" ind1=" " ind2="3">
         <marc:subfield code="a">leaves</marc:subfield>
      </marc:datafield>
      <marc:datafield tag="650" ind1=" " ind2="3">
         <marc:subfield code="a">models</marc:subfield>
      </marc:datafield>
      <marc:datafield tag="650" ind1=" " ind2="3">
         <marc:subfield code="a">normal distribution</marc:subfield>
      </marc:datafield>
      <marc:datafield tag="650" ind1=" " ind2="3">
         <marc:subfield code="a">shrublands</marc:subfield>
      </marc:datafield>
      <marc:datafield tag="650" ind1=" " ind2="3">
         <marc:subfield code="a">shrubs</marc:subfield>
      </marc:datafield>
      <marc:datafield tag="650" ind1=" " ind2="3">
         <marc:subfield code="a">spectrometers</marc:subfield>
      </marc:datafield>
      <marc:datafield tag="650" ind1=" " ind2="3">
         <marc:subfield code="a">spectroscopy</marc:subfield>
      </marc:datafield>
      <marc:datafield tag="651" ind1=" " ind2="3">
         <marc:subfield code="a">California</marc:subfield>
      </marc:datafield>
      <marc:datafield tag="700" ind1="1" ind2=" ">
         <marc:subfield code="a">Okujeni, Akpona</marc:subfield>
         <marc:subfield code="e">author</marc:subfield>
         <marc:subfield code="u">Geography Department, Humboldt-Universität zu Berlin, Unter den Linden 6,
        Berlin 10099, Germany</marc:subfield>
         <marc:subfield code="1">https://orcid.org/0000-0003-4558-5885</marc:subfield>
      </marc:datafield>
      <marc:datafield tag="700" ind1="1" ind2=" ">
         <marc:subfield code="a">Jänicke, Clemens</marc:subfield>
         <marc:subfield code="e">author</marc:subfield>
         <marc:subfield code="u">Geography Department, Humboldt-Universität zu Berlin, Unter den Linden 6,
        Berlin 10099, Germany</marc:subfield>
      </marc:datafield>
      <marc:datafield tag="700" ind1="1" ind2=" ">
         <marc:subfield code="a">Clark, Matthew</marc:subfield>
         <marc:subfield code="e">author</marc:subfield>
         <marc:subfield code="u">Center for Interdisciplinary Geospatial Analysis, Sonoma State University,
        Rohnert Park, CA 94928, USA</marc:subfield>
      </marc:datafield>
      <marc:datafield tag="700" ind1="1" ind2=" ">
         <marc:subfield code="a">van der Linden, Sebastian</marc:subfield>
         <marc:subfield code="e">author</marc:subfield>
         <marc:subfield code="u">Institute for Geography and Geology, Universität Greifswald, Domstraße 11,
        Greifswald 17489, Germany</marc:subfield>
      </marc:datafield>
      <marc:datafield tag="700" ind1="1" ind2=" ">
         <marc:subfield code="a">Hostert, Patrick</marc:subfield>
         <marc:subfield code="e">author</marc:subfield>
         <marc:subfield code="u">Geography Department, Humboldt-Universität zu Berlin, Unter den Linden 6,
        Berlin 10099, Germany</marc:subfield>
      </marc:datafield>
      <marc:datafield tag="773" ind1="0" ind2=" ">
         <marc:subfield code="t">Remote sensing of environment.</marc:subfield>
         <marc:subfield code="g">2020 Sept. 01, v. 246 p.111856-</marc:subfield>
         <marc:subfield code="d">Elsevier Inc.</marc:subfield>
         <marc:subfield code="w">Journal:11735</marc:subfield>
         <marc:subfield code="x">0034-4257</marc:subfield>
         <marc:subfield code="7">nnas</marc:subfield>
      </marc:datafield>
      <marc:datafield tag="787" ind1="1" ind2=" ">
         <marc:subfield code="o">islandora_article_repository</marc:subfield>
      </marc:datafield>
      <marc:datafield tag="787" ind1="1" ind2=" ">
         <marc:subfield code="o">product_pubag</marc:subfield>
      </marc:datafield>
      <marc:datafield tag="787" ind1="1" ind2=" ">
         <marc:subfield code="o">(Journal)11735</marc:subfield>
      </marc:datafield>
      <marc:datafield tag="856" ind1="4" ind2="0">
         <marc:subfield code="u">https://dx.doi.org/10.1016/j.rse.2020.111856</marc:subfield>
         <marc:subfield code="3">Available from publisher's site</marc:subfield>
      </marc:datafield>
      <marc:datafield tag="912" ind1=" " ind2=" ">
         <marc:subfield code="a">Article</marc:subfield>
      </marc:datafield>
      <marc:datafield tag="914" ind1=" " ind2=" ">
         <marc:subfield code="a">Journal:11735</marc:subfield>
         <marc:subfield code="b">0034-4257</marc:subfield>
         <marc:subfield code="c">246</marc:subfield>
         <marc:subfield code="e">111856</marc:subfield>
      </marc:datafield>
      <marc:datafield tag="914" ind1=" " ind2=" ">
         <marc:subfield code="f">Remote sensing of environment</marc:subfield>
      </marc:datafield>
      <marc:datafield tag="916" ind1=" " ind2=" ">
         <marc:subfield code="a">Batch:10147</marc:subfield>
      </marc:datafield>
      <marc:datafield tag="917" ind1=" " ind2=" ">
         <marc:subfield code="a">issued</marc:subfield>
      </marc:datafield>
      <marc:datafield tag="918" ind1="2" ind2=" ">
         <marc:subfield code="a">Elsevier Consyn</marc:subfield>
         <marc:subfield code="e">provider</marc:subfield>
         <marc:subfield code="5">DNAL</marc:subfield>
      </marc:datafield>
      <marc:datafield tag="935" ind1=" " ind2=" ">
         <marc:subfield code="a">IND606961926</marc:subfield>
         <marc:subfield code="9">ExL</marc:subfield>
      </marc:datafield>
      <marc:datafield tag="949" ind1=" " ind2=" ">
         <marc:subfield code="a">2021-06-18</marc:subfield>
      </marc:datafield>
      <marc:datafield tag="953" ind1=" " ind2=" ">
         <marc:subfield code="a">/data/metadata/incoming/consyn/729529048748138681-00001-HEAD-ONLY-NEW
        CONSYN ISSNS.zip</marc:subfield>
      </marc:datafield>
      <marc:datafield tag="954" ind1=" " ind2=" ">
         <marc:subfield code="a">file:/data/metadata/staging/consyn/S0034425720302261.xml</marc:subfield>
      </marc:datafield>
      <marc:datafield tag="955" ind1=" " ind2=" ">
         <marc:subfield code="a">/data/metadata/staging/consyn/</marc:subfield>
      </marc:datafield>
      <marc:datafield tag="974" ind1=" " ind2=" ">
         <marc:subfield code="a">agid:6961926</marc:subfield>
      </marc:datafield>
      <marc:datafield tag="983" ind1=" " ind2=" ">
         <marc:subfield code="a">2020-09-07</marc:subfield>
      </marc:datafield>
      <marc:datafield tag="984" ind1=" " ind2=" ">
         <marc:subfield code="a">2021-06-18</marc:subfield>
      </marc:datafield>
   </marc:record>