
   <marc:record>
      <marc:leader>04940nab a2200697 u 4500</marc:leader>
      <marc:controlfield tag="001">9915633615807426</marc:controlfield>
      <marc:controlfield tag="005">20221119140458.0</marc:controlfield>
      <marc:controlfield tag="008">180605e201806 xx |||||o|||||||||||eng||</marc:controlfield>
      <marc:datafield tag="016" ind1="7" ind2=" ">
         <marc:subfield code="a">IND605955819</marc:subfield>
         <marc:subfield code="2">DNAL</marc:subfield>
      </marc:datafield>
      <marc:datafield tag="024" ind1="7" ind2=" ">
         <marc:subfield code="a">10.1111/geb.12731</marc:subfield>
         <marc:subfield code="2">doi</marc:subfield>
      </marc:datafield>
      <marc:datafield tag="035" ind1=" " ind2=" ">
         <marc:subfield code="a">agid:5955819-01nal_inst</marc:subfield>
      </marc:datafield>
      <marc:datafield tag="040" ind1=" " ind2=" ">
         <marc:subfield code="a">AGL</marc:subfield>
         <marc:subfield code="b">eng</marc:subfield>
         <marc:subfield code="c">AGL</marc:subfield>
      </marc:datafield>
      <marc:datafield tag="100" ind1="1" ind2=" ">
         <marc:subfield code="a">Stralberg, Diana</marc:subfield>
         <marc:subfield code="e">author</marc:subfield>
         <marc:subfield code="u">Department of Renewable Resources, University of Alberta, Edmonton,
        Alberta, Canada</marc:subfield>
      </marc:datafield>
      <marc:datafield tag="245" ind1="1" ind2="0">
         <marc:subfield code="a">Macrorefugia for North American trees and songbirds: Climatic limiting
        factors and multi‐scale topographic influences</marc:subfield>
      </marc:datafield>
      <marc:datafield tag="300" ind1=" " ind2=" ">
         <marc:subfield code="a">p. 690-703.</marc:subfield>
      </marc:datafield>
      <marc:datafield tag="500" ind1=" " ind2=" ">
         <marc:subfield code="a">JOURNAL ARTICLE</marc:subfield>
      </marc:datafield>
      <marc:datafield tag="520" ind1=" " ind2=" ">
         <marc:subfield code="a">AIM: To inform conservation planning in the face of climate change, our
        objectives were to map spatial patterns of tree and songbird macrorefugia; to identify
        climatic limiting factors by region and taxonomic group; and to quantify multi‐scale
        topographic components of end‐of‐century biotic refugia. LOCATION: United States and Canada
        outside the far north. TIME PERIOD: End of the 21st century. MAJOR TAXA STUDIED: Trees and
        songbirds. METHODS: We used species distribution models for 324 trees and 268 songbirds to
        develop a macrorefugia index using species‐specific climate velocity. Maps of multispecies
        refugia potential were developed for each taxonomic/functional group and quantile regression
        was used to identify climatic limiting factors and relationships with multi‐scale
        topographic variables. RESULTS: End‐of‐century macrorefugia for both trees and songbirds
        were concentrated in western mountains and, to a lesser extent, in north‐eastern coastal
        regions. For the highest‐value refugia, precipitation was generally most limiting in the
        north, and warm temperatures and moisture availability were limiting in the south. Tree
        refugia were more limited by precipitation and moisture, while songbird refugia were more
        limited by temperature. Upper‐percentile refugia, but not median values, were well explained
        by topographic conditions. Songbird refugia were strongly associated with elevation, while
        coastal proximity and landform composition (particularly headwaters) were important for both
        groups. There was a general lack of concordance between patterns of current species richness
        and future climate refugia. MAIN CONCLUSIONS: Macrorefugia patterns are partly explained by
        steep elevational or latitudinal temperature gradients and/or moderate climates, such as
        coastal regions. However, climatic limiting factors for these refugia suggest contrasts in
        the ecological processes governing warm‐end range limits for different taxa in different
        regions. Our framework can be applied to other regions, taxa, and time periods to generate
        and explain biologically meaningful indices of macrorefugia for conservation
        planning.</marc:subfield>
      </marc:datafield>
      <marc:datafield tag="592" ind1=" " ind2=" ">
         <marc:subfield code="a">Publisher supplied data</marc:subfield>
      </marc:datafield>
      <marc:datafield tag="593" ind1=" " ind2=" ">
         <marc:subfield code="a">PubAg article</marc:subfield>
      </marc:datafield>
      <marc:datafield tag="650" ind1=" " ind2="3">
         <marc:subfield code="a">North Americans</marc:subfield>
      </marc:datafield>
      <marc:datafield tag="650" ind1=" " ind2="3">
         <marc:subfield code="a">biogeography</marc:subfield>
      </marc:datafield>
      <marc:datafield tag="650" ind1=" " ind2="3">
         <marc:subfield code="a">climate</marc:subfield>
      </marc:datafield>
      <marc:datafield tag="650" ind1=" " ind2="3">
         <marc:subfield code="a">climate change</marc:subfield>
      </marc:datafield>
      <marc:datafield tag="650" ind1=" " ind2="3">
         <marc:subfield code="a">coasts</marc:subfield>
      </marc:datafield>
      <marc:datafield tag="650" ind1=" " ind2="3">
         <marc:subfield code="a">models</marc:subfield>
      </marc:datafield>
      <marc:datafield tag="650" ind1=" " ind2="3">
         <marc:subfield code="a">mountains</marc:subfield>
      </marc:datafield>
      <marc:datafield tag="650" ind1=" " ind2="3">
         <marc:subfield code="a">planning</marc:subfield>
      </marc:datafield>
      <marc:datafield tag="650" ind1=" " ind2="3">
         <marc:subfield code="a">refuge habitats</marc:subfield>
      </marc:datafield>
      <marc:datafield tag="650" ind1=" " ind2="3">
         <marc:subfield code="a">regression analysis</marc:subfield>
      </marc:datafield>
      <marc:datafield tag="650" ind1=" " ind2="3">
         <marc:subfield code="a">songbirds</marc:subfield>
      </marc:datafield>
      <marc:datafield tag="650" ind1=" " ind2="3">
         <marc:subfield code="a">species diversity</marc:subfield>
      </marc:datafield>
      <marc:datafield tag="650" ind1=" " ind2="3">
         <marc:subfield code="a">temperature profiles</marc:subfield>
      </marc:datafield>
      <marc:datafield tag="650" ind1=" " ind2="3">
         <marc:subfield code="a">topography</marc:subfield>
      </marc:datafield>
      <marc:datafield tag="650" ind1=" " ind2="3">
         <marc:subfield code="a">trees</marc:subfield>
      </marc:datafield>
      <marc:datafield tag="651" ind1=" " ind2="3">
         <marc:subfield code="a">Canada</marc:subfield>
      </marc:datafield>
      <marc:datafield tag="651" ind1=" " ind2="3">
         <marc:subfield code="a">United States</marc:subfield>
      </marc:datafield>
      <marc:datafield tag="700" ind1="1" ind2=" ">
         <marc:subfield code="a">Carroll, Carlos</marc:subfield>
         <marc:subfield code="e">author</marc:subfield>
         <marc:subfield code="u">Klamath Center for Conservation Research, Orleans, California</marc:subfield>
      </marc:datafield>
      <marc:datafield tag="700" ind1="1" ind2=" ">
         <marc:subfield code="a">Pedlar, John H.</marc:subfield>
         <marc:subfield code="e">author</marc:subfield>
         <marc:subfield code="u">Canadian Forest Service, Great Lakes Forestry Centre, Sault Ste Marie,
        Ontario, Canada</marc:subfield>
      </marc:datafield>
      <marc:datafield tag="700" ind1="1" ind2=" ">
         <marc:subfield code="a">Wilsey, Chad B.</marc:subfield>
         <marc:subfield code="e">author</marc:subfield>
         <marc:subfield code="u">National Audubon Society, San Francisco, California</marc:subfield>
      </marc:datafield>
      <marc:datafield tag="700" ind1="1" ind2=" ">
         <marc:subfield code="a">McKenney, Daniel W.</marc:subfield>
         <marc:subfield code="e">author</marc:subfield>
         <marc:subfield code="u">Canadian Forest Service, Great Lakes Forestry Centre, Sault Ste Marie,
        Ontario, Canada</marc:subfield>
      </marc:datafield>
      <marc:datafield tag="700" ind1="1" ind2=" ">
         <marc:subfield code="a">Nielsen, Scott E.</marc:subfield>
         <marc:subfield code="e">author</marc:subfield>
         <marc:subfield code="u">Department of Renewable Resources, University of Alberta, Edmonton,
        Alberta, Canada</marc:subfield>
      </marc:datafield>
      <marc:datafield tag="773" ind1="0" ind2=" ">
         <marc:subfield code="t">Global ecology and biogeography.</marc:subfield>
         <marc:subfield code="g">2018 June, v. 27, no. 6 p.690-703</marc:subfield>
         <marc:subfield code="d">John Wiley &amp; Sons, Ltd</marc:subfield>
         <marc:subfield code="w">Journal:jnl3920180</marc:subfield>
         <marc:subfield code="x">1466-822X</marc:subfield>
         <marc:subfield code="7">nnas</marc:subfield>
      </marc:datafield>
      <marc:datafield tag="787" ind1="1" ind2=" ">
         <marc:subfield code="o">islandora_article_repository</marc:subfield>
      </marc:datafield>
      <marc:datafield tag="787" ind1="1" ind2=" ">
         <marc:subfield code="o">product_pubag</marc:subfield>
      </marc:datafield>
      <marc:datafield tag="787" ind1="1" ind2=" ">
         <marc:subfield code="o">(Journal)jnl3920180</marc:subfield>
      </marc:datafield>
      <marc:datafield tag="856" ind1="4" ind2="0">
         <marc:subfield code="u">http://dx.doi.org/10.1111/geb.12731</marc:subfield>
         <marc:subfield code="3">Available from publisher's site</marc:subfield>
      </marc:datafield>
      <marc:datafield tag="912" ind1=" " ind2=" ">
         <marc:subfield code="a">Article</marc:subfield>
      </marc:datafield>
      <marc:datafield tag="914" ind1=" " ind2=" ">
         <marc:subfield code="a">Journal:jnl3920180</marc:subfield>
         <marc:subfield code="b">1466-822X</marc:subfield>
         <marc:subfield code="c">27</marc:subfield>
         <marc:subfield code="d">6</marc:subfield>
         <marc:subfield code="e">690</marc:subfield>
      </marc:datafield>
      <marc:datafield tag="914" ind1=" " ind2=" ">
         <marc:subfield code="f">Global ecology and biogeography</marc:subfield>
      </marc:datafield>
      <marc:datafield tag="916" ind1=" " ind2=" ">
         <marc:subfield code="a">Batch:2000</marc:subfield>
      </marc:datafield>
      <marc:datafield tag="917" ind1=" " ind2=" ">
         <marc:subfield code="a">issued</marc:subfield>
      </marc:datafield>
      <marc:datafield tag="918" ind1="2" ind2=" ">
         <marc:subfield code="a">John Wiley &amp; Sons, Inc</marc:subfield>
         <marc:subfield code="e">provider</marc:subfield>
         <marc:subfield code="5">DNAL</marc:subfield>
      </marc:datafield>
      <marc:datafield tag="935" ind1=" " ind2=" ">
         <marc:subfield code="a">IND605955819</marc:subfield>
         <marc:subfield code="9">ExL</marc:subfield>
      </marc:datafield>
      <marc:datafield tag="949" ind1=" " ind2=" ">
         <marc:subfield code="a">2018-07-05</marc:subfield>
      </marc:datafield>
      <marc:datafield tag="953" ind1=" " ind2=" ">
         <marc:subfield code="a">/data/metadata/incoming/wiley/1466822X_2018_27_6.xml</marc:subfield>
      </marc:datafield>
      <marc:datafield tag="954" ind1=" " ind2=" ">
         <marc:subfield code="a">file:/data/metadata/staging/wiley/1466822X_2018_27_6.xml</marc:subfield>
      </marc:datafield>
      <marc:datafield tag="955" ind1=" " ind2=" ">
         <marc:subfield code="a">/data/metadata/staging/wiley/</marc:subfield>
      </marc:datafield>
      <marc:datafield tag="962" ind1=" " ind2=" ">
         <marc:subfield code="a">Batch:2000 reviewed on 2018-07-05T15:00:04Z</marc:subfield>
      </marc:datafield>
      <marc:datafield tag="974" ind1=" " ind2=" ">
         <marc:subfield code="a">agid:5955819</marc:subfield>
      </marc:datafield>
      <marc:datafield tag="983" ind1=" " ind2=" ">
         <marc:subfield code="a">2018-06-05</marc:subfield>
      </marc:datafield>
      <marc:datafield tag="984" ind1=" " ind2=" ">
         <marc:subfield code="a">2018-07-05</marc:subfield>
      </marc:datafield>
   </marc:record>