
   <marc:record>
      <marc:leader>05689nab a2200709 u 4500</marc:leader>
      <marc:controlfield tag="001">9915634576407426</marc:controlfield>
      <marc:controlfield tag="005">20221119144341.0</marc:controlfield>
      <marc:controlfield tag="008">211213e20220115xx |||||o|||||||||||eng||</marc:controlfield>
      <marc:datafield tag="016" ind1="7" ind2=" ">
         <marc:subfield code="a">IND607584865</marc:subfield>
         <marc:subfield code="2">DNAL</marc:subfield>
      </marc:datafield>
      <marc:datafield tag="024" ind1="7" ind2=" ">
         <marc:subfield code="a">10.1016/j.atmosenv.2021.118873</marc:subfield>
         <marc:subfield code="2">doi</marc:subfield>
      </marc:datafield>
      <marc:datafield tag="035" ind1=" " ind2=" ">
         <marc:subfield code="a">agid:7584865-01nal_inst</marc:subfield>
      </marc:datafield>
      <marc:datafield tag="040" ind1=" " ind2=" ">
         <marc:subfield code="a">AGL</marc:subfield>
         <marc:subfield code="b">eng</marc:subfield>
         <marc:subfield code="c">AGL</marc:subfield>
      </marc:datafield>
      <marc:datafield tag="100" ind1="1" ind2=" ">
         <marc:subfield code="a">Shi, Guang-Yao</marc:subfield>
         <marc:subfield code="e">author</marc:subfield>
         <marc:subfield code="u">Research Institute of Forestry, Chinese Academy of Forestry/ Key Laboratory
        of Tree Breeding and Cultivation, State Forestry Administration, Beijing, 100091,
        China</marc:subfield>
      </marc:datafield>
      <marc:datafield tag="245" ind1="1" ind2="0">
         <marc:subfield code="a">Solar-induced chlorophyll fluorescence intensity has a significant
        correlation with negative air ion release in forest canopy</marc:subfield>
      </marc:datafield>
      <marc:datafield tag="520" ind1=" " ind2=" ">
         <marc:subfield code="a">Forest vegetation is an essential source of negative air ion (NAI) and
        influencing factor of the process. A number of studies have focused on the temporal and
        spatial changes of NAI in different forest communities and their relationship with
        meteorological factors; however, there is no literature on the relationship between
        solar-induced chlorophyll fluorescence intensity (SIF) and NAI, and quantitative research on
        relationship between NAI and photosynthesis of forest vegetation is comparatively limited.
        In this study, we investigated the dynamic changes NAI, SIF, and meteorological parameters
        in canopy during the growing season by using a flux tower at the sites Xiaolangdi and
        Minquan in a warm-temperate monsoon climate zone from June to September of 2019 and 2020.
        Results showed that the canopy NAI, SIF, and photosynthetically active radiation (PAR)
        showed significant diurnal and seasonal dynamic change characteristics, and that the changes
        in the observed indicators at different times were significantly different. The seasonal
        change characteristics of canopy NAI and SIF were relatively similar, and canopy SIF could
        accurately capture the dynamic changes of NAI. Additionally, the NAI–SIF relationship was
        increasingly significant at higher PAR levels, and the coefficient of determination (R²) of
        the two sites reached 0.652 and 0.570. It showed that when vegetation photosynthesis was
        fully activated, the dynamic change process of the canopy NAI provided a more robust
        correlation and more accurate estimation in the vegetation's main growth stage, thus
        demonstrating the reliability of SIF as an indicator for tracking NAI seasonal changes. In
        the future, automatic, continuous SIF observations could provide reliable understanding of
        the photosynthetic characteristics of terrestrial ecosystems, thereby quantifying the
        contribution potential of forest to NAI application in ground-based optical measurement and
        airborne and satellite remote sensing. This provides a working foundation for direct
        assessment of spatial and temporal distribution patterns of global seasonal NAI.</marc:subfield>
      </marc:datafield>
      <marc:datafield tag="592" ind1=" " ind2=" ">
         <marc:subfield code="a">Publisher supplied data</marc:subfield>
      </marc:datafield>
      <marc:datafield tag="593" ind1=" " ind2=" ">
         <marc:subfield code="a">PubAg article</marc:subfield>
      </marc:datafield>
      <marc:datafield tag="650" ind1=" " ind2="3">
         <marc:subfield code="a">air</marc:subfield>
      </marc:datafield>
      <marc:datafield tag="650" ind1=" " ind2="3">
         <marc:subfield code="a">chlorophyll</marc:subfield>
      </marc:datafield>
      <marc:datafield tag="650" ind1=" " ind2="3">
         <marc:subfield code="a">climatic zones</marc:subfield>
      </marc:datafield>
      <marc:datafield tag="650" ind1=" " ind2="3">
         <marc:subfield code="a">developmental stages</marc:subfield>
      </marc:datafield>
      <marc:datafield tag="650" ind1=" " ind2="3">
         <marc:subfield code="a">environment</marc:subfield>
      </marc:datafield>
      <marc:datafield tag="650" ind1=" " ind2="3">
         <marc:subfield code="a">fluorescence</marc:subfield>
      </marc:datafield>
      <marc:datafield tag="650" ind1=" " ind2="3">
         <marc:subfield code="a">forest canopy</marc:subfield>
      </marc:datafield>
      <marc:datafield tag="650" ind1=" " ind2="3">
         <marc:subfield code="a">forests</marc:subfield>
      </marc:datafield>
      <marc:datafield tag="650" ind1=" " ind2="3">
         <marc:subfield code="a">monsoon season</marc:subfield>
      </marc:datafield>
      <marc:datafield tag="650" ind1=" " ind2="3">
         <marc:subfield code="a">photosynthesis</marc:subfield>
      </marc:datafield>
      <marc:datafield tag="650" ind1=" " ind2="3">
         <marc:subfield code="a">photosynthetically active radiation</marc:subfield>
      </marc:datafield>
      <marc:datafield tag="650" ind1=" " ind2="3">
         <marc:subfield code="a">quantitative analysis</marc:subfield>
      </marc:datafield>
      <marc:datafield tag="650" ind1=" " ind2="3">
         <marc:subfield code="a">satellites</marc:subfield>
      </marc:datafield>
      <marc:datafield tag="650" ind1=" " ind2="3">
         <marc:subfield code="a">seasonal variation</marc:subfield>
      </marc:datafield>
      <marc:datafield tag="653" ind1=" " ind2="0">
         <marc:subfield code="a">NAI</marc:subfield>
      </marc:datafield>
      <marc:datafield tag="653" ind1=" " ind2="0">
         <marc:subfield code="a">SIF</marc:subfield>
      </marc:datafield>
      <marc:datafield tag="700" ind1="1" ind2=" ">
         <marc:subfield code="a">Huang, Hui</marc:subfield>
         <marc:subfield code="e">author</marc:subfield>
         <marc:subfield code="u">Research Institute of Forestry, Chinese Academy of Forestry/ Key Laboratory
        of Tree Breeding and Cultivation, State Forestry Administration, Beijing, 100091,
        China</marc:subfield>
      </marc:datafield>
      <marc:datafield tag="700" ind1="1" ind2=" ">
         <marc:subfield code="a">Sang, Yu-Qiang</marc:subfield>
         <marc:subfield code="e">author</marc:subfield>
         <marc:subfield code="u">College of Forest, Henan Agricultural University, Zhengzhou, Henan, 450002,
        China</marc:subfield>
      </marc:datafield>
      <marc:datafield tag="700" ind1="1" ind2=" ">
         <marc:subfield code="a">Cai, Lu-Lu</marc:subfield>
         <marc:subfield code="e">author</marc:subfield>
         <marc:subfield code="u">College of Forest, Henan Agricultural University, Zhengzhou, Henan, 450002,
        China</marc:subfield>
      </marc:datafield>
      <marc:datafield tag="700" ind1="1" ind2=" ">
         <marc:subfield code="a">Zhang, Jin-Song</marc:subfield>
         <marc:subfield code="e">author</marc:subfield>
         <marc:subfield code="u">Research Institute of Forestry, Chinese Academy of Forestry/ Key Laboratory
        of Tree Breeding and Cultivation, State Forestry Administration, Beijing, 100091,
        China</marc:subfield>
      </marc:datafield>
      <marc:datafield tag="700" ind1="1" ind2=" ">
         <marc:subfield code="a">Cheng, Xiang-Fen</marc:subfield>
         <marc:subfield code="e">author</marc:subfield>
         <marc:subfield code="u">Research Institute of Forestry, Chinese Academy of Forestry/ Key Laboratory
        of Tree Breeding and Cultivation, State Forestry Administration, Beijing, 100091,
        China</marc:subfield>
      </marc:datafield>
      <marc:datafield tag="700" ind1="1" ind2=" ">
         <marc:subfield code="a">Meng, Ping</marc:subfield>
         <marc:subfield code="e">author</marc:subfield>
         <marc:subfield code="u">Research Institute of Forestry, Chinese Academy of Forestry/ Key Laboratory
        of Tree Breeding and Cultivation, State Forestry Administration, Beijing, 100091,
        China</marc:subfield>
      </marc:datafield>
      <marc:datafield tag="700" ind1="1" ind2=" ">
         <marc:subfield code="a">Sun, Shou-Jia</marc:subfield>
         <marc:subfield code="e">author</marc:subfield>
         <marc:subfield code="u">Research Institute of Forestry, Chinese Academy of Forestry/ Key Laboratory
        of Tree Breeding and Cultivation, State Forestry Administration, Beijing, 100091,
        China</marc:subfield>
      </marc:datafield>
      <marc:datafield tag="700" ind1="1" ind2=" ">
         <marc:subfield code="a">Li, Jian-Xia</marc:subfield>
         <marc:subfield code="e">author</marc:subfield>
         <marc:subfield code="u">Nanshan National Forest Farm, Henan, 459000, China</marc:subfield>
      </marc:datafield>
      <marc:datafield tag="700" ind1="1" ind2=" ">
         <marc:subfield code="a">Qiao, Yong-Sheng</marc:subfield>
         <marc:subfield code="e">author</marc:subfield>
         <marc:subfield code="u">Nanshan National Forest Farm, Henan, 459000, China</marc:subfield>
      </marc:datafield>
      <marc:datafield tag="773" ind1="0" ind2=" ">
         <marc:subfield code="t">Atmospheric environment.</marc:subfield>
         <marc:subfield code="g">2022 Jan. 15, v. 269 p.118873-</marc:subfield>
         <marc:subfield code="d">Elsevier Ltd</marc:subfield>
         <marc:subfield code="w">Journal:12031</marc:subfield>
         <marc:subfield code="x">1352-2310</marc:subfield>
         <marc:subfield code="7">nnas</marc:subfield>
      </marc:datafield>
      <marc:datafield tag="787" ind1="1" ind2=" ">
         <marc:subfield code="o">islandora_article_repository</marc:subfield>
      </marc:datafield>
      <marc:datafield tag="787" ind1="1" ind2=" ">
         <marc:subfield code="o">product_pubag</marc:subfield>
      </marc:datafield>
      <marc:datafield tag="787" ind1="1" ind2=" ">
         <marc:subfield code="o">(Journal)12031</marc:subfield>
      </marc:datafield>
      <marc:datafield tag="856" ind1="4" ind2="0">
         <marc:subfield code="u">https://dx.doi.org/10.1016/j.atmosenv.2021.118873</marc:subfield>
         <marc:subfield code="3">Available from publisher's site</marc:subfield>
      </marc:datafield>
      <marc:datafield tag="912" ind1=" " ind2=" ">
         <marc:subfield code="a">Article</marc:subfield>
      </marc:datafield>
      <marc:datafield tag="914" ind1=" " ind2=" ">
         <marc:subfield code="a">Journal:12031</marc:subfield>
         <marc:subfield code="b">1352-2310</marc:subfield>
         <marc:subfield code="e">118873</marc:subfield>
      </marc:datafield>
      <marc:datafield tag="914" ind1=" " ind2=" ">
         <marc:subfield code="f">Atmospheric environment</marc:subfield>
      </marc:datafield>
      <marc:datafield tag="916" ind1=" " ind2=" ">
         <marc:subfield code="a">Batch:10210</marc:subfield>
      </marc:datafield>
      <marc:datafield tag="917" ind1=" " ind2=" ">
         <marc:subfield code="a">issued</marc:subfield>
      </marc:datafield>
      <marc:datafield tag="918" ind1="2" ind2=" ">
         <marc:subfield code="a">Elsevier Consyn</marc:subfield>
         <marc:subfield code="e">provider</marc:subfield>
         <marc:subfield code="5">DNAL</marc:subfield>
      </marc:datafield>
      <marc:datafield tag="935" ind1=" " ind2=" ">
         <marc:subfield code="a">IND607584865</marc:subfield>
         <marc:subfield code="9">ExL</marc:subfield>
      </marc:datafield>
      <marc:datafield tag="949" ind1=" " ind2=" ">
         <marc:subfield code="a">2022-02-22</marc:subfield>
      </marc:datafield>
      <marc:datafield tag="952" ind1=" " ind2=" ">
         <marc:subfield code="d">NAL-AP-2-clean</marc:subfield>
      </marc:datafield>
      <marc:datafield tag="953" ind1=" " ind2=" ">
         <marc:subfield code="a">/data/metadata/incoming/consyn/975785957758327005-00005-HEAD-ONLY-NEW
        CONSYN ISSNS.zip</marc:subfield>
      </marc:datafield>
      <marc:datafield tag="954" ind1=" " ind2=" ">
         <marc:subfield code="a">file:/data/metadata/staging/consyn/S1352231021006956.xml</marc:subfield>
      </marc:datafield>
      <marc:datafield tag="955" ind1=" " ind2=" ">
         <marc:subfield code="a">/data/metadata/staging/consyn/</marc:subfield>
      </marc:datafield>
      <marc:datafield tag="974" ind1=" " ind2=" ">
         <marc:subfield code="a">agid:7584865</marc:subfield>
      </marc:datafield>
      <marc:datafield tag="983" ind1=" " ind2=" ">
         <marc:subfield code="a">2021-12-13</marc:subfield>
      </marc:datafield>
      <marc:datafield tag="984" ind1=" " ind2=" ">
         <marc:subfield code="a">2022-02-21</marc:subfield>
      </marc:datafield>
   </marc:record>