
   <marc:record>
      <marc:leader>05970nab a2200721 u 4500</marc:leader>
      <marc:controlfield tag="001">9915635610307426</marc:controlfield>
      <marc:controlfield tag="005">20221119152146.0</marc:controlfield>
      <marc:controlfield tag="008">210423e20210410xx |||||o|||||||||||eng||</marc:controlfield>
      <marc:datafield tag="016" ind1="7" ind2=" ">
         <marc:subfield code="a">IND607220554</marc:subfield>
         <marc:subfield code="2">DNAL</marc:subfield>
      </marc:datafield>
      <marc:datafield tag="024" ind1="7" ind2=" ">
         <marc:subfield code="a">10.1016/j.scitotenv.2020.144275</marc:subfield>
         <marc:subfield code="2">doi</marc:subfield>
      </marc:datafield>
      <marc:datafield tag="035" ind1=" " ind2=" ">
         <marc:subfield code="a">agid:7220554-01nal_inst</marc:subfield>
      </marc:datafield>
      <marc:datafield tag="040" ind1=" " ind2=" ">
         <marc:subfield code="a">AGL</marc:subfield>
         <marc:subfield code="b">eng</marc:subfield>
         <marc:subfield code="c">AGL</marc:subfield>
      </marc:datafield>
      <marc:datafield tag="100" ind1="1" ind2=" ">
         <marc:subfield code="a">Jiang, Dong</marc:subfield>
         <marc:subfield code="e">author</marc:subfield>
         <marc:subfield code="u">State Key Laboratory of Resources and Environmental Information System,
        Institute of Geographical Sciences and Natural Resources Research, Chinese Academy of
        Sciences, Beijing 100101, China</marc:subfield>
      </marc:datafield>
      <marc:datafield tag="245" ind1="1" ind2="0">
         <marc:subfield code="a">Spatiotemporal patterns and spatial risk factors for visceral leishmaniasis
        from 2007 to 2017 in Western and Central China: A modelling analysis</marc:subfield>
      </marc:datafield>
      <marc:datafield tag="500" ind1=" " ind2=" ">
         <marc:subfield code="a">NAL-AP-2-clean</marc:subfield>
      </marc:datafield>
      <marc:datafield tag="520" ind1=" " ind2=" ">
         <marc:subfield code="a">Visceral leishmaniasis (VL) is a neglected disease caused by trypanosomatid
        protozoa in the genus Leishmania, which is transmitted by phlebotomine sandflies. Although
        this vector-borne disease has been eliminated in several regions of China during the last
        century, the reported human VL cases have rebounded in Western and Central China in recent
        decades. However, understanding of the spatial epidemiology of the disease remains vague, as
        the spatial risk factors driving the spatial heterogeneity of VL. In this study, we analyzed
        the spatiotemporal patterns of annual human VL cases in Western and Central China from 2007
        to 2017. Based on the related spatial maps, the boosted regression tree (BRT) model was
        adopted to explore the relationships between VL and spatial correlates as well as predicting
        both the existing and potential infection risk zones of VL in Western and Central China. The
        mined links reveal that elevation, minimum temperature, relative humidity, and annual
        accumulated precipitation make great contributions to the spatial heterogeneity of VL. The
        maps show that Xinjiang Uygur Autonomous Region, Gansu, western Inner Mongolia Autonomous
        Region, and Sichuan are predicted to fall in the highest infection risk zones of VL.
        Approximately 61.60 million resident populations lived in the high-risk regions of VL in
        Western and Central China. Our results provide a better understanding of how spatial risk
        factors driving VL spread as well as identifying the potential endemic risk region of VL,
        thereby enhancing the biosurveillance capacity of public health authorities.</marc:subfield>
      </marc:datafield>
      <marc:datafield tag="592" ind1=" " ind2=" ">
         <marc:subfield code="a">Publisher supplied data</marc:subfield>
      </marc:datafield>
      <marc:datafield tag="593" ind1=" " ind2=" ">
         <marc:subfield code="a">PubAg article</marc:subfield>
      </marc:datafield>
      <marc:datafield tag="650" ind1=" " ind2="3">
         <marc:subfield code="a">Leishmania</marc:subfield>
      </marc:datafield>
      <marc:datafield tag="650" ind1=" " ind2="3">
         <marc:subfield code="a">Phlebotominae</marc:subfield>
      </marc:datafield>
      <marc:datafield tag="650" ind1=" " ind2="3">
         <marc:subfield code="a">environment</marc:subfield>
      </marc:datafield>
      <marc:datafield tag="650" ind1=" " ind2="3">
         <marc:subfield code="a">humans</marc:subfield>
      </marc:datafield>
      <marc:datafield tag="650" ind1=" " ind2="3">
         <marc:subfield code="a">models</marc:subfield>
      </marc:datafield>
      <marc:datafield tag="650" ind1=" " ind2="3">
         <marc:subfield code="a">public health</marc:subfield>
      </marc:datafield>
      <marc:datafield tag="650" ind1=" " ind2="3">
         <marc:subfield code="a">regression analysis</marc:subfield>
      </marc:datafield>
      <marc:datafield tag="650" ind1=" " ind2="3">
         <marc:subfield code="a">relative humidity</marc:subfield>
      </marc:datafield>
      <marc:datafield tag="650" ind1=" " ind2="3">
         <marc:subfield code="a">spatial variation</marc:subfield>
      </marc:datafield>
      <marc:datafield tag="650" ind1=" " ind2="3">
         <marc:subfield code="a">temperature</marc:subfield>
      </marc:datafield>
      <marc:datafield tag="650" ind1=" " ind2="3">
         <marc:subfield code="a">vector-borne diseases</marc:subfield>
      </marc:datafield>
      <marc:datafield tag="650" ind1=" " ind2="3">
         <marc:subfield code="a">visceral leishmaniasis</marc:subfield>
      </marc:datafield>
      <marc:datafield tag="651" ind1=" " ind2="3">
         <marc:subfield code="a">China</marc:subfield>
      </marc:datafield>
      <marc:datafield tag="653" ind1=" " ind2="0">
         <marc:subfield code="a">Neglected diseases</marc:subfield>
      </marc:datafield>
      <marc:datafield tag="653" ind1=" " ind2="0">
         <marc:subfield code="a">Spatial risk factors</marc:subfield>
      </marc:datafield>
      <marc:datafield tag="653" ind1=" " ind2="0">
         <marc:subfield code="a">Spatiotemporal patterns</marc:subfield>
      </marc:datafield>
      <marc:datafield tag="700" ind1="1" ind2=" ">
         <marc:subfield code="a">Ma, Tian</marc:subfield>
         <marc:subfield code="e">author</marc:subfield>
         <marc:subfield code="u">State Key Laboratory of Resources and Environmental Information System,
        Institute of Geographical Sciences and Natural Resources Research, Chinese Academy of
        Sciences, Beijing 100101, China</marc:subfield>
      </marc:datafield>
      <marc:datafield tag="700" ind1="1" ind2=" ">
         <marc:subfield code="a">Hao, Mengmeng</marc:subfield>
         <marc:subfield code="e">author</marc:subfield>
         <marc:subfield code="u">State Key Laboratory of Resources and Environmental Information System,
        Institute of Geographical Sciences and Natural Resources Research, Chinese Academy of
        Sciences, Beijing 100101, China</marc:subfield>
      </marc:datafield>
      <marc:datafield tag="700" ind1="1" ind2=" ">
         <marc:subfield code="a">Qian, Yushu</marc:subfield>
         <marc:subfield code="e">author</marc:subfield>
         <marc:subfield code="u">State Key Laboratory of Resources and Environmental Information System,
        Institute of Geographical Sciences and Natural Resources Research, Chinese Academy of
        Sciences, Beijing 100101, China</marc:subfield>
      </marc:datafield>
      <marc:datafield tag="700" ind1="1" ind2=" ">
         <marc:subfield code="a">Chen, Shuai</marc:subfield>
         <marc:subfield code="e">author</marc:subfield>
         <marc:subfield code="u">State Key Laboratory of Resources and Environmental Information System,
        Institute of Geographical Sciences and Natural Resources Research, Chinese Academy of
        Sciences, Beijing 100101, China</marc:subfield>
      </marc:datafield>
      <marc:datafield tag="700" ind1="1" ind2=" ">
         <marc:subfield code="a">Meng, Ze</marc:subfield>
         <marc:subfield code="e">author</marc:subfield>
         <marc:subfield code="u">State Key Laboratory of Resources and Environmental Information System,
        Institute of Geographical Sciences and Natural Resources Research, Chinese Academy of
        Sciences, Beijing 100101, China</marc:subfield>
      </marc:datafield>
      <marc:datafield tag="700" ind1="1" ind2=" ">
         <marc:subfield code="a">Wang, Liping</marc:subfield>
         <marc:subfield code="e">author</marc:subfield>
         <marc:subfield code="u">National Institute for Viral Disease Control and Prevention, Chinese Center
        for Disease Control and Prevention (China CDC), Beijing 102206, China</marc:subfield>
      </marc:datafield>
      <marc:datafield tag="700" ind1="1" ind2=" ">
         <marc:subfield code="a">Zheng, Canjun</marc:subfield>
         <marc:subfield code="e">author</marc:subfield>
         <marc:subfield code="u">National Institute for Viral Disease Control and Prevention, Chinese Center
        for Disease Control and Prevention (China CDC), Beijing 102206, China</marc:subfield>
      </marc:datafield>
      <marc:datafield tag="700" ind1="1" ind2=" ">
         <marc:subfield code="a">Qi, Xiao</marc:subfield>
         <marc:subfield code="e">author</marc:subfield>
         <marc:subfield code="u">National Institute for Viral Disease Control and Prevention, Chinese Center
        for Disease Control and Prevention (China CDC), Beijing 102206, China</marc:subfield>
      </marc:datafield>
      <marc:datafield tag="700" ind1="1" ind2=" ">
         <marc:subfield code="a">Wang, Qian</marc:subfield>
         <marc:subfield code="e">author</marc:subfield>
         <marc:subfield code="u">State Key Laboratory of Resources and Environmental Information System,
        Institute of Geographical Sciences and Natural Resources Research, Chinese Academy of
        Sciences, Beijing 100101, China</marc:subfield>
      </marc:datafield>
      <marc:datafield tag="700" ind1="1" ind2=" ">
         <marc:subfield code="a">Ding, Fangyu</marc:subfield>
         <marc:subfield code="e">author</marc:subfield>
         <marc:subfield code="u">State Key Laboratory of Resources and Environmental Information System,
        Institute of Geographical Sciences and Natural Resources Research, Chinese Academy of
        Sciences, Beijing 100101, China</marc:subfield>
      </marc:datafield>
      <marc:datafield tag="773" ind1="0" ind2=" ">
         <marc:subfield code="t">Science of the total environment.</marc:subfield>
         <marc:subfield code="g">2021 Apr. 10, v. 764 p.144275-</marc:subfield>
         <marc:subfield code="d">Elsevier B.V.</marc:subfield>
         <marc:subfield code="w">Journal:jnl4455</marc:subfield>
         <marc:subfield code="x">0048-9697</marc:subfield>
         <marc:subfield code="7">nnas</marc:subfield>
      </marc:datafield>
      <marc:datafield tag="787" ind1="1" ind2=" ">
         <marc:subfield code="o">islandora_article_repository</marc:subfield>
      </marc:datafield>
      <marc:datafield tag="787" ind1="1" ind2=" ">
         <marc:subfield code="o">product_pubag</marc:subfield>
      </marc:datafield>
      <marc:datafield tag="787" ind1="1" ind2=" ">
         <marc:subfield code="o">(Journal)jnl4455</marc:subfield>
      </marc:datafield>
      <marc:datafield tag="856" ind1="4" ind2="0">
         <marc:subfield code="u">https://dx.doi.org/10.1016/j.scitotenv.2020.144275</marc:subfield>
         <marc:subfield code="3">Available from publisher's site</marc:subfield>
      </marc:datafield>
      <marc:datafield tag="912" ind1=" " ind2=" ">
         <marc:subfield code="a">Article</marc:subfield>
      </marc:datafield>
      <marc:datafield tag="914" ind1=" " ind2=" ">
         <marc:subfield code="a">Journal:jnl4455</marc:subfield>
         <marc:subfield code="b">0048-9697</marc:subfield>
         <marc:subfield code="c">764</marc:subfield>
         <marc:subfield code="e">144275</marc:subfield>
      </marc:datafield>
      <marc:datafield tag="914" ind1=" " ind2=" ">
         <marc:subfield code="f">Science of the total environment</marc:subfield>
      </marc:datafield>
      <marc:datafield tag="916" ind1=" " ind2=" ">
         <marc:subfield code="a">Batch:10130</marc:subfield>
      </marc:datafield>
      <marc:datafield tag="917" ind1=" " ind2=" ">
         <marc:subfield code="a">issued</marc:subfield>
      </marc:datafield>
      <marc:datafield tag="918" ind1="2" ind2=" ">
         <marc:subfield code="a">Elsevier Consyn</marc:subfield>
         <marc:subfield code="e">provider</marc:subfield>
         <marc:subfield code="5">DNAL</marc:subfield>
      </marc:datafield>
      <marc:datafield tag="935" ind1=" " ind2=" ">
         <marc:subfield code="a">IND607220554</marc:subfield>
         <marc:subfield code="9">ExL</marc:subfield>
      </marc:datafield>
      <marc:datafield tag="949" ind1=" " ind2=" ">
         <marc:subfield code="a">2021-09-14</marc:subfield>
      </marc:datafield>
      <marc:datafield tag="953" ind1=" " ind2=" ">
         <marc:subfield code="a">/data/metadata/incoming/consyn/175918187061517758-00001-HEAD-ONLY-NEW
        CONSYN ISSNS.ZIP</marc:subfield>
      </marc:datafield>
      <marc:datafield tag="954" ind1=" " ind2=" ">
         <marc:subfield code="a">file:/data/metadata/staging/consyn/S0048969720378062.xml</marc:subfield>
      </marc:datafield>
      <marc:datafield tag="955" ind1=" " ind2=" ">
         <marc:subfield code="a">/data/metadata/staging/consyn/</marc:subfield>
      </marc:datafield>
      <marc:datafield tag="974" ind1=" " ind2=" ">
         <marc:subfield code="a">agid:7220554</marc:subfield>
      </marc:datafield>
      <marc:datafield tag="983" ind1=" " ind2=" ">
         <marc:subfield code="a">2021-04-23</marc:subfield>
      </marc:datafield>
      <marc:datafield tag="984" ind1=" " ind2=" ">
         <marc:subfield code="a">2021-09-14</marc:subfield>
      </marc:datafield>
   </marc:record>