
   <marc:record>
      <marc:leader>05284nab a2200769 u 4500</marc:leader>
      <marc:controlfield tag="001">9915635707707426</marc:controlfield>
      <marc:controlfield tag="005">20221119152042.0</marc:controlfield>
      <marc:controlfield tag="008">190519e201904 xx |||||o|||||||||||eng||</marc:controlfield>
      <marc:datafield tag="016" ind1="7" ind2=" ">
         <marc:subfield code="a">IND606434835</marc:subfield>
         <marc:subfield code="2">DNAL</marc:subfield>
      </marc:datafield>
      <marc:datafield tag="024" ind1="7" ind2=" ">
         <marc:subfield code="a">10.1007/s10980-019-00802-1</marc:subfield>
         <marc:subfield code="2">doi</marc:subfield>
      </marc:datafield>
      <marc:datafield tag="024" ind1="7" ind2=" ">
         <marc:subfield code="a">10.1007/s10980-019-00802-1</marc:subfield>
         <marc:subfield code="2">chorus</marc:subfield>
      </marc:datafield>
      <marc:datafield tag="035" ind1=" " ind2=" ">
         <marc:subfield code="a">agid:6434835-01nal_inst</marc:subfield>
      </marc:datafield>
      <marc:datafield tag="040" ind1=" " ind2=" ">
         <marc:subfield code="a">AGL</marc:subfield>
         <marc:subfield code="b">eng</marc:subfield>
         <marc:subfield code="c">AGL</marc:subfield>
      </marc:datafield>
      <marc:datafield tag="100" ind1="1" ind2=" ">
         <marc:subfield code="a">Downing, William M.</marc:subfield>
         <marc:subfield code="e">author</marc:subfield>
         <marc:subfield code="u">Department of Forest Ecosystems and Society, Oregon State University,
        Corvallis, OR, 97331, USA. willmdowning@gmail.com</marc:subfield>
         <marc:subfield code="1">https://orcid.org/0000-0001-8843-7642</marc:subfield>
      </marc:datafield>
      <marc:datafield tag="245" ind1="1" ind2="0">
         <marc:subfield code="a">Influence of fire refugia spatial pattern on post-fire forest recovery in
        Oregon’s Blue Mountains</marc:subfield>
      </marc:datafield>
      <marc:datafield tag="300" ind1=" " ind2=" ">
         <marc:subfield code="a">p. 771-792.</marc:subfield>
      </marc:datafield>
      <marc:datafield tag="520" ind1=" " ind2=" ">
         <marc:subfield code="a">CONTEXT: Fire regimes in many dry forests of western North America are
        substantially different from historical conditions, and there is concern about the ability
        of these forests to recover following severe wildfire. Fire refugia, unburned or
        low-severity burned patches where trees survived fire, may serve as essential propagule
        sources that enable forest regeneration. OBJECTIVES: To quantify the influence of fire
        refugia spatial pattern and other biophysical factors on the process of post-fire tree
        regeneration; in particular examining both the proximity and density of surrounding refugia
        to characterize the landscape of refugial seed sources. METHODS: We surveyed regeneration at
        135 sites in stand-replacement patches across a gradient of fire refugia density in eastern
        Oregon, USA. We characterized the influence of refugial seed source pattern and other
        environmental factors on the abundance of regenerating seedlings, and examined the
        relationship between post-fire climate and the temporal pattern of ponderosa pine seedling
        establishment. RESULTS: Tree seedlings were present in 83% of plots 12–17 years post-fire,
        and densities varied substantially (0–67800 stems ha⁻¹, median = 1100). Variation in
        seedling abundance was driven by the spatial patterns of refugial seed sources. Despite
        widespread post-fire shrub cover, high-severity burned forests have not undergone a
        persistent type conversion to shrublands. Ponderosa pine seedling establishment peaked
        5–11 years after fire and was not closely associated with post-fire climate. CONCLUSIONS:
        Fire refugia and the seed sources they contain fostered tree regeneration in severely burned
        patches. Management practices that reduce refugia within post-fire landscapes may negatively
        influence essential forest recovery processes.</marc:subfield>
      </marc:datafield>
      <marc:datafield tag="592" ind1=" " ind2=" ">
         <marc:subfield code="a">Publisher supplied data</marc:subfield>
      </marc:datafield>
      <marc:datafield tag="593" ind1=" " ind2=" ">
         <marc:subfield code="a">PubAg article</marc:subfield>
      </marc:datafield>
      <marc:datafield tag="596" ind1=" " ind2=" ">
         <marc:subfield code="a">16-JV-11221639-101</marc:subfield>
         <marc:subfield code="c">U.S. Forest Service</marc:subfield>
      </marc:datafield>
      <marc:datafield tag="596" ind1=" " ind2=" ">
         <marc:subfield code="a">16-JV-11221639-107</marc:subfield>
         <marc:subfield code="c">U.S. Forest Service</marc:subfield>
      </marc:datafield>
      <marc:datafield tag="650" ind1=" " ind2="3">
         <marc:subfield code="a">Pinus ponderosa</marc:subfield>
      </marc:datafield>
      <marc:datafield tag="650" ind1=" " ind2="3">
         <marc:subfield code="a">climate</marc:subfield>
      </marc:datafield>
      <marc:datafield tag="650" ind1=" " ind2="3">
         <marc:subfield code="a">dry forests</marc:subfield>
      </marc:datafield>
      <marc:datafield tag="650" ind1=" " ind2="3">
         <marc:subfield code="a">environmental factors</marc:subfield>
      </marc:datafield>
      <marc:datafield tag="650" ind1=" " ind2="3">
         <marc:subfield code="a">fire regime</marc:subfield>
      </marc:datafield>
      <marc:datafield tag="650" ind1=" " ind2="3">
         <marc:subfield code="a">forest regeneration</marc:subfield>
      </marc:datafield>
      <marc:datafield tag="650" ind1=" " ind2="3">
         <marc:subfield code="a">landscapes</marc:subfield>
      </marc:datafield>
      <marc:datafield tag="650" ind1=" " ind2="3">
         <marc:subfield code="a">mountains</marc:subfield>
      </marc:datafield>
      <marc:datafield tag="650" ind1=" " ind2="3">
         <marc:subfield code="a">plant establishment</marc:subfield>
      </marc:datafield>
      <marc:datafield tag="650" ind1=" " ind2="3">
         <marc:subfield code="a">refuge habitats</marc:subfield>
      </marc:datafield>
      <marc:datafield tag="650" ind1=" " ind2="3">
         <marc:subfield code="a">seedlings</marc:subfield>
      </marc:datafield>
      <marc:datafield tag="650" ind1=" " ind2="3">
         <marc:subfield code="a">shrublands</marc:subfield>
      </marc:datafield>
      <marc:datafield tag="650" ind1=" " ind2="3">
         <marc:subfield code="a">shrubs</marc:subfield>
      </marc:datafield>
      <marc:datafield tag="650" ind1=" " ind2="3">
         <marc:subfield code="a">stems</marc:subfield>
      </marc:datafield>
      <marc:datafield tag="650" ind1=" " ind2="3">
         <marc:subfield code="a">trees</marc:subfield>
      </marc:datafield>
      <marc:datafield tag="650" ind1=" " ind2="3">
         <marc:subfield code="a">wildfires</marc:subfield>
      </marc:datafield>
      <marc:datafield tag="651" ind1=" " ind2="3">
         <marc:subfield code="a">Oregon</marc:subfield>
      </marc:datafield>
      <marc:datafield tag="700" ind1="1" ind2=" ">
         <marc:subfield code="a">Krawchuk, Meg A.</marc:subfield>
         <marc:subfield code="e">author</marc:subfield>
         <marc:subfield code="u">Department of Forest Ecosystems and Society, Oregon State University,
        Corvallis, OR, 97331, USA</marc:subfield>
      </marc:datafield>
      <marc:datafield tag="700" ind1="1" ind2=" ">
         <marc:subfield code="a">Meigs, Garrett W.</marc:subfield>
         <marc:subfield code="e">author</marc:subfield>
         <marc:subfield code="u">Department of Forest Ecosystems and Society, Oregon State University,
        Corvallis, OR, 97331, USA</marc:subfield>
      </marc:datafield>
      <marc:datafield tag="700" ind1="1" ind2=" ">
         <marc:subfield code="a">Haire, Sandra L.</marc:subfield>
         <marc:subfield code="e">author</marc:subfield>
         <marc:subfield code="u">Haire Laboratory for Landscape Ecology, Belfast, ME, 04915, USA</marc:subfield>
      </marc:datafield>
      <marc:datafield tag="700" ind1="1" ind2=" ">
         <marc:subfield code="a">Coop, Jonathan D.</marc:subfield>
         <marc:subfield code="e">author</marc:subfield>
         <marc:subfield code="u">School of Environment and Sustainability, Western Colorado University,
        Gunnison, CO, 81231, USA</marc:subfield>
      </marc:datafield>
      <marc:datafield tag="700" ind1="1" ind2=" ">
         <marc:subfield code="a">Walker, Ryan B.</marc:subfield>
         <marc:subfield code="e">author</marc:subfield>
         <marc:subfield code="u">School of Environment and Sustainability, Western Colorado University,
        Gunnison, CO, 81231, USA</marc:subfield>
      </marc:datafield>
      <marc:datafield tag="700" ind1="1" ind2=" ">
         <marc:subfield code="a">Whitman, Ellen</marc:subfield>
         <marc:subfield code="e">author</marc:subfield>
         <marc:subfield code="u">Northern Forestry Centre, Canadian Forest Service, Natural Resources
        Canada, Edmonton, AB, Canada</marc:subfield>
      </marc:datafield>
      <marc:datafield tag="700" ind1="1" ind2=" ">
         <marc:subfield code="a">Chong, Geneva</marc:subfield>
         <marc:subfield code="e">author</marc:subfield>
         <marc:subfield code="u">U.S. Geological Survey, Northern Rocky Mountain Science Center, Jackson,
        WY, 83001, USA</marc:subfield>
      </marc:datafield>
      <marc:datafield tag="700" ind1="1" ind2=" ">
         <marc:subfield code="a">Miller, Carol</marc:subfield>
         <marc:subfield code="e">author</marc:subfield>
         <marc:subfield code="u">Aldo Leopold Wilderness Research Institute, Rocky Mountain Research
        Station, USDA Forest Service, Missoula, MT, 59801, USA</marc:subfield>
      </marc:datafield>
      <marc:datafield tag="773" ind1="0" ind2=" ">
         <marc:subfield code="t">Landscape ecology.</marc:subfield>
         <marc:subfield code="g">2019 Apr., v. 34, no. 4 p.771-792</marc:subfield>
         <marc:subfield code="d">Springer Netherlands</marc:subfield>
         <marc:subfield code="w">Journal:jnl3870067</marc:subfield>
         <marc:subfield code="x">0921-2973</marc:subfield>
         <marc:subfield code="7">nnas</marc:subfield>
      </marc:datafield>
      <marc:datafield tag="787" ind1="1" ind2=" ">
         <marc:subfield code="o">islandora_article_repository</marc:subfield>
      </marc:datafield>
      <marc:datafield tag="787" ind1="1" ind2=" ">
         <marc:subfield code="o">product_pubag</marc:subfield>
      </marc:datafield>
      <marc:datafield tag="787" ind1="1" ind2=" ">
         <marc:subfield code="o">(Journal)jnl3870067</marc:subfield>
      </marc:datafield>
      <marc:datafield tag="856" ind1="4" ind2="0">
         <marc:subfield code="u">https://dx.doi.org/10.1007/s10980-019-00802-1</marc:subfield>
         <marc:subfield code="3">Available from publisher's site</marc:subfield>
      </marc:datafield>
      <marc:datafield tag="912" ind1=" " ind2=" ">
         <marc:subfield code="a">Article</marc:subfield>
      </marc:datafield>
      <marc:datafield tag="914" ind1=" " ind2=" ">
         <marc:subfield code="a">Journal:jnl3870067</marc:subfield>
         <marc:subfield code="b">0921-2973</marc:subfield>
         <marc:subfield code="c">34</marc:subfield>
         <marc:subfield code="d">4</marc:subfield>
         <marc:subfield code="e">771</marc:subfield>
      </marc:datafield>
      <marc:datafield tag="914" ind1=" " ind2=" ">
         <marc:subfield code="f">Landscape ecology</marc:subfield>
      </marc:datafield>
      <marc:datafield tag="916" ind1=" " ind2=" ">
         <marc:subfield code="a">Batch:2229</marc:subfield>
      </marc:datafield>
      <marc:datafield tag="917" ind1=" " ind2=" ">
         <marc:subfield code="a">issued</marc:subfield>
      </marc:datafield>
      <marc:datafield tag="918" ind1="2" ind2=" ">
         <marc:subfield code="a">Springer</marc:subfield>
         <marc:subfield code="e">provider</marc:subfield>
         <marc:subfield code="5">DNAL</marc:subfield>
      </marc:datafield>
      <marc:datafield tag="935" ind1=" " ind2=" ">
         <marc:subfield code="a">IND606434835</marc:subfield>
         <marc:subfield code="9">ExL</marc:subfield>
      </marc:datafield>
      <marc:datafield tag="949" ind1=" " ind2=" ">
         <marc:subfield code="a">2020-03-06</marc:subfield>
      </marc:datafield>
      <marc:datafield tag="953" ind1=" " ind2=" ">
         <marc:subfield code="a">/data/metadata/incoming/springer/ftp_PUB_19-05-19_05-22-25.zip</marc:subfield>
      </marc:datafield>
      <marc:datafield tag="954" ind1=" " ind2=" ">
         <marc:subfield code="a">file:/data/metadata/staging/springer/10980-34-4.xml</marc:subfield>
      </marc:datafield>
      <marc:datafield tag="955" ind1=" " ind2=" ">
         <marc:subfield code="a">/data/metadata/staging/springer/</marc:subfield>
      </marc:datafield>
      <marc:datafield tag="961" ind1=" " ind2=" ">
         <marc:subfield code="a">USDA/FS</marc:subfield>
      </marc:datafield>
      <marc:datafield tag="962" ind1=" " ind2=" ">
         <marc:subfield code="a">Batch:2229 reviewed on 2019-06-07T09:00:03Z</marc:subfield>
      </marc:datafield>
      <marc:datafield tag="974" ind1=" " ind2=" ">
         <marc:subfield code="a">agid:6434835</marc:subfield>
      </marc:datafield>
      <marc:datafield tag="983" ind1=" " ind2=" ">
         <marc:subfield code="a">2019-05-19</marc:subfield>
      </marc:datafield>
      <marc:datafield tag="984" ind1=" " ind2=" ">
         <marc:subfield code="a">2020-03-06</marc:subfield>
      </marc:datafield>
   </marc:record>