
   <marc:record>
      <marc:leader>05319nab a2200697 u 4500</marc:leader>
      <marc:controlfield tag="001">9915636190907426</marc:controlfield>
      <marc:controlfield tag="005">20221119105545.0</marc:controlfield>
      <marc:controlfield tag="008">220606s2022 xx |||||o|||||||||||eng||</marc:controlfield>
      <marc:datafield tag="016" ind1="7" ind2=" ">
         <marc:subfield code="a">IND607695515</marc:subfield>
         <marc:subfield code="2">DNAL</marc:subfield>
      </marc:datafield>
      <marc:datafield tag="024" ind1="7" ind2=" ">
         <marc:subfield code="a">10.1016/j.fecs.2022.100007</marc:subfield>
         <marc:subfield code="2">doi</marc:subfield>
      </marc:datafield>
      <marc:datafield tag="035" ind1=" " ind2=" ">
         <marc:subfield code="a">agid:7695515-01nal_inst</marc:subfield>
      </marc:datafield>
      <marc:datafield tag="040" ind1=" " ind2=" ">
         <marc:subfield code="a">AGL</marc:subfield>
         <marc:subfield code="b">eng</marc:subfield>
         <marc:subfield code="c">AGL</marc:subfield>
      </marc:datafield>
      <marc:datafield tag="100" ind1="1" ind2=" ">
         <marc:subfield code="a">Sáenz-Ceja, Jesús Eduardo</marc:subfield>
         <marc:subfield code="e">author</marc:subfield>
         <marc:subfield code="u">Instituto de Investigaciones en Ecosistemas y Sustentabilidad, Universidad
        Nacional Autónoma de México, Antigua Carretera a Pátzcuaro 8701 Col. Ex hacienda San José de
        la Huerta, 58190, Morelia, Mexico</marc:subfield>
      </marc:datafield>
      <marc:datafield tag="245" ind1="1" ind2="0">
         <marc:subfield code="a">Conifer establishment after the eruption of the Paricutin volcano in
        central Mexico</marc:subfield>
      </marc:datafield>
      <marc:datafield tag="506" ind1=" " ind2=" ">
         <marc:subfield code="a">Creative Commons Attribution 4.0 Generic (CC BY-NC-ND 4.0)</marc:subfield>
         <marc:subfield code="u">http://creativecommons.org/licenses/by-nc-nd/4.0/</marc:subfield>
         <marc:subfield code="f">Unrestricted online access</marc:subfield>
         <marc:subfield code="2">star</marc:subfield>
      </marc:datafield>
      <marc:datafield tag="506" ind1=" " ind2=" ">
         <marc:subfield code="a">Resource is Open Access</marc:subfield>
         <marc:subfield code="u">http://purl.org/eprint/accessRights/OpenAccess</marc:subfield>
         <marc:subfield code="f">Unrestricted online access</marc:subfield>
         <marc:subfield code="2">star</marc:subfield>
      </marc:datafield>
      <marc:datafield tag="520" ind1=" " ind2=" ">
         <marc:subfield code="a">Volcanic eruptions have large effects on forest ecosystems and create new
        substrates, triggering primary succession processes. The Paricutín volcano, born in
        central-western Mexico, erupted between 1943 and 1952. After the cessation of the eruptive
        activity, plant colonization began on the lava flows and tephra deposits, including the
        conifer species that dominate the surrounding mature forests. This study aims to reconstruct
        the history of the establishment of conifer trees on the substrates created by the Paricutín
        eruption. 16 sampling plots were established along three transects with northern, southern,
        and south-western aspects, located every 250 ​m from the preserved forest to the volcanic
        cone. Increment cores from 400 conifer trees were extracted and their age was determined by
        cross-dating annual tree rings. The order of the species colonization and the tree
        establishment, abundance, and dominance patterns were characterized. Also, the influence of
        the distance from the mature forests and the inter-annual climatic conditions on the
        temporal tree establishment pattern was evaluated. Eight pine and one fir species have been
        established since 1970, only 18 years after the end of the eruptive period. However, tree
        establishment increased by 12.9% annually after 1995, with the youngest tree in our sample
        getting established in 2015. We did not find a well-defined temporal and spatial pattern of
        species arrival, which suggests that colonization occurred randomly, although the four pine
        species that were established early became the most abundant and dominant. Tree
        establishment was not influenced by the distance from the mature forest, and wet
        inter-annual conditions did not enhance pulses of tree recruitment, exhibiting a continuous
        tree establishment pattern. Conifer species have shown a great capacity for colonizing
        volcanic substrates created by the Paricutín eruption, which suggests that tropical montane
        conifers can regenerate rapidly under high-magnitude disturbances. These findings support
        the use of these forest species for ecological restoration.</marc:subfield>
      </marc:datafield>
      <marc:datafield tag="592" ind1=" " ind2=" ">
         <marc:subfield code="a">Publisher supplied data</marc:subfield>
      </marc:datafield>
      <marc:datafield tag="593" ind1=" " ind2=" ">
         <marc:subfield code="a">PubAg article</marc:subfield>
      </marc:datafield>
      <marc:datafield tag="650" ind1=" " ind2="3">
         <marc:subfield code="a">conifers</marc:subfield>
      </marc:datafield>
      <marc:datafield tag="650" ind1=" " ind2="3">
         <marc:subfield code="a">ecological restoration</marc:subfield>
      </marc:datafield>
      <marc:datafield tag="650" ind1=" " ind2="3">
         <marc:subfield code="a">forests</marc:subfield>
      </marc:datafield>
      <marc:datafield tag="650" ind1=" " ind2="3">
         <marc:subfield code="a">lava</marc:subfield>
      </marc:datafield>
      <marc:datafield tag="650" ind1=" " ind2="3">
         <marc:subfield code="a">primary succession</marc:subfield>
      </marc:datafield>
      <marc:datafield tag="650" ind1=" " ind2="3">
         <marc:subfield code="a">species recruitment</marc:subfield>
      </marc:datafield>
      <marc:datafield tag="650" ind1=" " ind2="3">
         <marc:subfield code="a">tephra</marc:subfield>
      </marc:datafield>
      <marc:datafield tag="650" ind1=" " ind2="3">
         <marc:subfield code="a">trees</marc:subfield>
      </marc:datafield>
      <marc:datafield tag="651" ind1=" " ind2="3">
         <marc:subfield code="a">Mexico</marc:subfield>
      </marc:datafield>
      <marc:datafield tag="653" ind1=" " ind2="0">
         <marc:subfield code="a">Age structure</marc:subfield>
      </marc:datafield>
      <marc:datafield tag="653" ind1=" " ind2="0">
         <marc:subfield code="a">Dendrochronology</marc:subfield>
      </marc:datafield>
      <marc:datafield tag="653" ind1=" " ind2="0">
         <marc:subfield code="a">Lava flow</marc:subfield>
      </marc:datafield>
      <marc:datafield tag="653" ind1=" " ind2="0">
         <marc:subfield code="a">Primary succession</marc:subfield>
      </marc:datafield>
      <marc:datafield tag="653" ind1=" " ind2="0">
         <marc:subfield code="a">Tropical montane forest</marc:subfield>
      </marc:datafield>
      <marc:datafield tag="653" ind1=" " ind2="0">
         <marc:subfield code="a">ENSO</marc:subfield>
      </marc:datafield>
      <marc:datafield tag="653" ind1=" " ind2="0">
         <marc:subfield code="a">IVI</marc:subfield>
      </marc:datafield>
      <marc:datafield tag="653" ind1=" " ind2="0">
         <marc:subfield code="a">PDSI</marc:subfield>
      </marc:datafield>
      <marc:datafield tag="653" ind1=" " ind2="0">
         <marc:subfield code="a">RIV</marc:subfield>
      </marc:datafield>
      <marc:datafield tag="653" ind1=" " ind2="0">
         <marc:subfield code="a">RWI</marc:subfield>
      </marc:datafield>
      <marc:datafield tag="653" ind1=" " ind2="0">
         <marc:subfield code="a">SEA</marc:subfield>
      </marc:datafield>
      <marc:datafield tag="700" ind1="1" ind2=" ">
         <marc:subfield code="a">Sáenz-Ceja, Blanca Lizeth</marc:subfield>
         <marc:subfield code="e">author</marc:subfield>
         <marc:subfield code="u">Escuela Nacional de Estudios Superiores Unidad Morelia, Universidad
        Nacional Autónoma de México, Antigua Carretera a Pátzcuaro 8701 Col. Ex hacienda San José de
        la Huerta, 58190, Morelia, Mexico</marc:subfield>
      </marc:datafield>
      <marc:datafield tag="700" ind1="1" ind2=" ">
         <marc:subfield code="a">Sáenz-Reyes, J. Trinidad</marc:subfield>
         <marc:subfield code="e">author</marc:subfield>
         <marc:subfield code="u">Instituto Nacional de Investigaciones Forestales, Agrícolas y Pecuarias,
        Campo Experimental Uruapan, Av. Latinoamericana 1101, Col. Revolución, 60500, Uruapan,
        Mexico</marc:subfield>
      </marc:datafield>
      <marc:datafield tag="700" ind1="1" ind2=" ">
         <marc:subfield code="a">Pérez-Salicrup, Diego Rafael</marc:subfield>
         <marc:subfield code="e">author</marc:subfield>
         <marc:subfield code="u">Instituto de Investigaciones en Ecosistemas y Sustentabilidad, Universidad
        Nacional Autónoma de México, Antigua Carretera a Pátzcuaro 8701 Col. Ex hacienda San José de
        la Huerta, 58190, Morelia, Mexico</marc:subfield>
      </marc:datafield>
      <marc:datafield tag="773" ind1="0" ind2=" ">
         <marc:subfield code="t">Forest ecosystems.</marc:subfield>
         <marc:subfield code="g">2022, v. 9 p.100007-</marc:subfield>
         <marc:subfield code="d">Elsevier B.V.</marc:subfield>
         <marc:subfield code="w">Journal:21605</marc:subfield>
         <marc:subfield code="x">2197-5620</marc:subfield>
         <marc:subfield code="7">nnas</marc:subfield>
      </marc:datafield>
      <marc:datafield tag="787" ind1="1" ind2=" ">
         <marc:subfield code="o">islandora_article_repository</marc:subfield>
      </marc:datafield>
      <marc:datafield tag="787" ind1="1" ind2=" ">
         <marc:subfield code="o">product_pubag</marc:subfield>
      </marc:datafield>
      <marc:datafield tag="787" ind1="1" ind2=" ">
         <marc:subfield code="o">(Journal)21605</marc:subfield>
      </marc:datafield>
      <marc:datafield tag="856" ind1="4" ind2="0">
         <marc:subfield code="u">https://dx.doi.org/10.1016/j.fecs.2022.100007</marc:subfield>
         <marc:subfield code="3">Available from publisher's site</marc:subfield>
      </marc:datafield>
      <marc:datafield tag="912" ind1=" " ind2=" ">
         <marc:subfield code="a">Article</marc:subfield>
      </marc:datafield>
      <marc:datafield tag="914" ind1=" " ind2=" ">
         <marc:subfield code="a">Journal:21605</marc:subfield>
         <marc:subfield code="b">2197-5620</marc:subfield>
         <marc:subfield code="c">9</marc:subfield>
         <marc:subfield code="e">100007</marc:subfield>
      </marc:datafield>
      <marc:datafield tag="914" ind1=" " ind2=" ">
         <marc:subfield code="f">Forest ecosystems</marc:subfield>
      </marc:datafield>
      <marc:datafield tag="916" ind1=" " ind2=" ">
         <marc:subfield code="a">Batch:10239</marc:subfield>
      </marc:datafield>
      <marc:datafield tag="917" ind1=" " ind2=" ">
         <marc:subfield code="a">issued</marc:subfield>
      </marc:datafield>
      <marc:datafield tag="918" ind1="2" ind2=" ">
         <marc:subfield code="a">Elsevier Consyn</marc:subfield>
         <marc:subfield code="e">provider</marc:subfield>
         <marc:subfield code="5">DNAL</marc:subfield>
      </marc:datafield>
      <marc:datafield tag="935" ind1=" " ind2=" ">
         <marc:subfield code="a">IND607695515</marc:subfield>
         <marc:subfield code="9">ExL</marc:subfield>
      </marc:datafield>
      <marc:datafield tag="949" ind1=" " ind2=" ">
         <marc:subfield code="a">2022-04-19</marc:subfield>
      </marc:datafield>
      <marc:datafield tag="953" ind1=" " ind2=" ">
         <marc:subfield code="a">/data/metadata/incoming/consyn/152621049099972364-00007-HEAD-ONLY-NEW
        CONSYN ISSNS.zip</marc:subfield>
      </marc:datafield>
      <marc:datafield tag="954" ind1=" " ind2=" ">
         <marc:subfield code="a">file:/data/metadata/staging/consyn/S2197562022000070.xml</marc:subfield>
      </marc:datafield>
      <marc:datafield tag="955" ind1=" " ind2=" ">
         <marc:subfield code="a">/data/metadata/staging/consyn/</marc:subfield>
      </marc:datafield>
      <marc:datafield tag="974" ind1=" " ind2=" ">
         <marc:subfield code="a">agid:7695515</marc:subfield>
      </marc:datafield>
      <marc:datafield tag="983" ind1=" " ind2=" ">
         <marc:subfield code="a">2022-06-06</marc:subfield>
      </marc:datafield>
      <marc:datafield tag="984" ind1=" " ind2=" ">
         <marc:subfield code="a">2022-06-06</marc:subfield>
      </marc:datafield>
   </marc:record>