
   <marc:record>
      <marc:leader>04730nab a2200649 u 4500</marc:leader>
      <marc:controlfield tag="001">9915636368007426</marc:controlfield>
      <marc:controlfield tag="005">20221119111011.0</marc:controlfield>
      <marc:controlfield tag="008">130415e200010 xx |||||o|||||||||||eng||</marc:controlfield>
      <marc:datafield tag="016" ind1="7" ind2=" ">
         <marc:subfield code="a">IND500650404</marc:subfield>
         <marc:subfield code="2">DNAL</marc:subfield>
      </marc:datafield>
      <marc:datafield tag="024" ind1="7" ind2=" ">
         <marc:subfield code="a">10.2307/3236577</marc:subfield>
         <marc:subfield code="2">doi</marc:subfield>
      </marc:datafield>
      <marc:datafield tag="035" ind1=" " ind2=" ">
         <marc:subfield code="a">agid:112108-01nal_inst</marc:subfield>
      </marc:datafield>
      <marc:datafield tag="040" ind1=" " ind2=" ">
         <marc:subfield code="a">AGL</marc:subfield>
         <marc:subfield code="b">eng</marc:subfield>
         <marc:subfield code="c">AGL</marc:subfield>
      </marc:datafield>
      <marc:datafield tag="100" ind1="1" ind2=" ">
         <marc:subfield code="a">Carcaillet, Christopher</marc:subfield>
         <marc:subfield code="e">author</marc:subfield>
         <marc:subfield code="u"> Institut Méditerranéen d'Écologie et de Paléoécologie (CNRS), Faculté des
        Sciences et Techniques de St Jérôme, Université Aix‐Marseille III, F‐13397 Marseille, France
        Cemagref‐Grenoble, Écosystèmes et Paysages de Montagne, Domaine Universitaire BP 76, F‐38402
        Saint‐Martin d'Hères, France</marc:subfield>
      </marc:datafield>
      <marc:datafield tag="245" ind1="1" ind2="0">
         <marc:subfield code="a">Changes in landscape structure in the northwestern Alps over the last 7000
        years: lessons from soil charcoal</marc:subfield>
      </marc:datafield>
      <marc:datafield tag="300" ind1=" " ind2=" ">
         <marc:subfield code="a">p. 705-714.</marc:subfield>
      </marc:datafield>
      <marc:datafield tag="520" ind1=" " ind2=" ">
         <marc:subfield code="a">Current land‐use a bandonment and the current rise in temperature in the
        Alps both suggest that tree limits may change. When it is assumed that the climate of the
        early mid‐Holocene between 8000 and 5000 yr before present is analogous to that of the
        predicted climate of the late 21st century, palaeo‐ecological studies of the early Holocene
        may provide data for the prediction of the vegetation pattern in a century from now. It
        appears that mid‐Holocene charcoal assemblages can be used to reconstruct the spatial
        patterns of the vegetation before, or during, the practice of slash‐and‐burn. Correspondence
        analysis (CA) of charcoal assemblages shows that an important ecological gradient is
        determined by elevation. However CA also shows that charcoal assemblages in profiles between
        1700 and 2100 m a.s.l. are roughly stratified: the more recent assemblages from the topmost
        centimetres of soil are intermediate between the lowermost assemblages and assemblages from
        higher elevations. This suggests that the woody communities at the highest elevation were
        located at lower elevations at a later date. The taxonomic diversity of the soil charcoal
        assemblages has been compared to that of present‐day phytosociological relevés after
        transformation to charcoal‐equivalent data. This comparison revealed that the vegetation
        pattern along the altitudinal gradient in the mid‐Holocene was different from that at
        present. The assemblages indicate that some communities disappeared, that Picea is a
        late‐Holocene invading species, and that there is no strict modern analogue for the
        vegetation structure prior to that of 3000 yr ago. The past structure of the woody
        vegetation was also different from that of today. Although past vegetation is not a good
        analogue for predicting future vegetation patterns, it still has potential as an indicator
        for the potential presence of tree species where there is none today. If we assume a
        temperature rise, and take into account current trends of landscape use abandonment, then we
        can expect strong vegetation dynamics at the upper tree line in the future: Abies alba may
        expand to occupy elevations of ca. 1800–2000 m in mixed communities with Picea abies, Pinus
        sylvestris and hardwood species, and Pinus cembra may expand up to 2500–2700 m
        a.s.l.</marc:subfield>
      </marc:datafield>
      <marc:datafield tag="592" ind1=" " ind2=" ">
         <marc:subfield code="a">Publisher supplied data</marc:subfield>
      </marc:datafield>
      <marc:datafield tag="593" ind1=" " ind2=" ">
         <marc:subfield code="a">PubAg article</marc:subfield>
      </marc:datafield>
      <marc:datafield tag="650" ind1=" " ind2="3">
         <marc:subfield code="a">Abies alba</marc:subfield>
      </marc:datafield>
      <marc:datafield tag="650" ind1=" " ind2="3">
         <marc:subfield code="a">Picea abies</marc:subfield>
      </marc:datafield>
      <marc:datafield tag="650" ind1=" " ind2="3">
         <marc:subfield code="a">Pinus cembra</marc:subfield>
      </marc:datafield>
      <marc:datafield tag="650" ind1=" " ind2="3">
         <marc:subfield code="a">Pinus sylvestris</marc:subfield>
      </marc:datafield>
      <marc:datafield tag="650" ind1=" " ind2="3">
         <marc:subfield code="a">charcoal</marc:subfield>
      </marc:datafield>
      <marc:datafield tag="650" ind1=" " ind2="3">
         <marc:subfield code="a">climate</marc:subfield>
      </marc:datafield>
      <marc:datafield tag="650" ind1=" " ind2="3">
         <marc:subfield code="a">hardwood</marc:subfield>
      </marc:datafield>
      <marc:datafield tag="650" ind1=" " ind2="3">
         <marc:subfield code="a">landscapes</marc:subfield>
      </marc:datafield>
      <marc:datafield tag="650" ind1=" " ind2="3">
         <marc:subfield code="a">phytosociology</marc:subfield>
      </marc:datafield>
      <marc:datafield tag="650" ind1=" " ind2="3">
         <marc:subfield code="a">prediction</marc:subfield>
      </marc:datafield>
      <marc:datafield tag="650" ind1=" " ind2="3">
         <marc:subfield code="a">soil</marc:subfield>
      </marc:datafield>
      <marc:datafield tag="650" ind1=" " ind2="3">
         <marc:subfield code="a">species diversity</marc:subfield>
      </marc:datafield>
      <marc:datafield tag="650" ind1=" " ind2="3">
         <marc:subfield code="a">temperature</marc:subfield>
      </marc:datafield>
      <marc:datafield tag="650" ind1=" " ind2="3">
         <marc:subfield code="a">treeline</marc:subfield>
      </marc:datafield>
      <marc:datafield tag="650" ind1=" " ind2="3">
         <marc:subfield code="a">trees</marc:subfield>
      </marc:datafield>
      <marc:datafield tag="650" ind1=" " ind2="3">
         <marc:subfield code="a">vegetation structure</marc:subfield>
      </marc:datafield>
      <marc:datafield tag="651" ind1=" " ind2="3">
         <marc:subfield code="a">Alps region</marc:subfield>
      </marc:datafield>
      <marc:datafield tag="700" ind1="1" ind2=" ">
         <marc:subfield code="a">Brun, Jean‐Jacques</marc:subfield>
         <marc:subfield code="e">author</marc:subfield>
      </marc:datafield>
      <marc:datafield tag="773" ind1="0" ind2=" ">
         <marc:subfield code="t">Journal of vegetation science.</marc:subfield>
         <marc:subfield code="g">2000 Oct., v. 11, no. 5 p.705-714</marc:subfield>
         <marc:subfield code="d">Blackwell Publishing Ltd</marc:subfield>
         <marc:subfield code="w">Journal:jnl46820</marc:subfield>
         <marc:subfield code="x">1100-9233</marc:subfield>
         <marc:subfield code="7">nnas</marc:subfield>
      </marc:datafield>
      <marc:datafield tag="787" ind1="1" ind2=" ">
         <marc:subfield code="o">islandora_article_repository</marc:subfield>
      </marc:datafield>
      <marc:datafield tag="787" ind1="1" ind2=" ">
         <marc:subfield code="o">product_pubag</marc:subfield>
      </marc:datafield>
      <marc:datafield tag="787" ind1="1" ind2=" ">
         <marc:subfield code="o">(Journal)jnl46820</marc:subfield>
      </marc:datafield>
      <marc:datafield tag="856" ind1="4" ind2="0">
         <marc:subfield code="u">http://dx.doi.org/10.2307/3236577</marc:subfield>
      </marc:datafield>
      <marc:datafield tag="912" ind1=" " ind2=" ">
         <marc:subfield code="a">Article</marc:subfield>
      </marc:datafield>
      <marc:datafield tag="914" ind1=" " ind2=" ">
         <marc:subfield code="a">Journal:jnl46820</marc:subfield>
         <marc:subfield code="b">1100-9233</marc:subfield>
         <marc:subfield code="c">11</marc:subfield>
         <marc:subfield code="d">5</marc:subfield>
         <marc:subfield code="e">705</marc:subfield>
      </marc:datafield>
      <marc:datafield tag="914" ind1=" " ind2=" ">
         <marc:subfield code="f">Journal of vegetation science</marc:subfield>
      </marc:datafield>
      <marc:datafield tag="916" ind1=" " ind2=" ">
         <marc:subfield code="a">Batch:663</marc:subfield>
      </marc:datafield>
      <marc:datafield tag="917" ind1=" " ind2=" ">
         <marc:subfield code="a">issued</marc:subfield>
      </marc:datafield>
      <marc:datafield tag="918" ind1="2" ind2=" ">
         <marc:subfield code="a">John Wiley &amp; Sons, Inc</marc:subfield>
         <marc:subfield code="e">provider</marc:subfield>
         <marc:subfield code="5">DNAL</marc:subfield>
      </marc:datafield>
      <marc:datafield tag="935" ind1=" " ind2=" ">
         <marc:subfield code="a">IND500650404</marc:subfield>
         <marc:subfield code="9">ExL</marc:subfield>
      </marc:datafield>
      <marc:datafield tag="949" ind1=" " ind2=" ">
         <marc:subfield code="a">2014-10-09</marc:subfield>
      </marc:datafield>
      <marc:datafield tag="951" ind1=" " ind2=" ">
         <marc:subfield code="a">2013-04-15</marc:subfield>
      </marc:datafield>
      <marc:datafield tag="953" ind1=" " ind2=" ">
         <marc:subfield code="a">11009233_2000_11_5.xml</marc:subfield>
      </marc:datafield>
      <marc:datafield tag="962" ind1=" " ind2=" ">
         <marc:subfield code="a">Batch:663 annotated on 2014-09-16T12:27:54Z</marc:subfield>
      </marc:datafield>
      <marc:datafield tag="962" ind1=" " ind2=" ">
         <marc:subfield code="a">Batch:663 reviewed on 2014-10-08T16:00:02Z</marc:subfield>
      </marc:datafield>
      <marc:datafield tag="962" ind1=" " ind2=" ">
         <marc:subfield code="a">Batch:663 reviewed on 2014-10-09T04:00:02Z</marc:subfield>
      </marc:datafield>
      <marc:datafield tag="974" ind1=" " ind2=" ">
         <marc:subfield code="a">agid:112108</marc:subfield>
      </marc:datafield>
      <marc:datafield tag="983" ind1=" " ind2=" ">
         <marc:subfield code="a">2013-04-15</marc:subfield>
      </marc:datafield>
      <marc:datafield tag="984" ind1=" " ind2=" ">
         <marc:subfield code="a">2018-06-25</marc:subfield>
      </marc:datafield>
   </marc:record>