
   <marc:record>
      <marc:leader>04802nab a2200649 u 4500</marc:leader>
      <marc:controlfield tag="001">9915636507407426</marc:controlfield>
      <marc:controlfield tag="005">20221119110946.0</marc:controlfield>
      <marc:controlfield tag="008">141017e201411 xx |||||o|||||||||||eng||</marc:controlfield>
      <marc:datafield tag="016" ind1="7" ind2=" ">
         <marc:subfield code="a">IND600822321</marc:subfield>
         <marc:subfield code="2">DNAL</marc:subfield>
      </marc:datafield>
      <marc:datafield tag="024" ind1="7" ind2=" ">
         <marc:subfield code="a">10.1111/jvs.12189</marc:subfield>
         <marc:subfield code="2">doi</marc:subfield>
      </marc:datafield>
      <marc:datafield tag="035" ind1=" " ind2=" ">
         <marc:subfield code="a">agid:822321-01nal_inst</marc:subfield>
      </marc:datafield>
      <marc:datafield tag="040" ind1=" " ind2=" ">
         <marc:subfield code="a">AGL</marc:subfield>
         <marc:subfield code="b">eng</marc:subfield>
         <marc:subfield code="c">AGL</marc:subfield>
      </marc:datafield>
      <marc:datafield tag="100" ind1="1" ind2=" ">
         <marc:subfield code="a">Wild, Jan</marc:subfield>
         <marc:subfield code="e">author</marc:subfield>
         <marc:subfield code="u">Institute of Botany, Academy of Sciences of the Czech Republic, CZ‐252 43,
        Průhonice, Czech Republic; Faculty of Environmental Sciences, Czech University of Life
        Sciences Prague, Kamýcká 129, Praha 6, Suchdol, Prague, 16521, Czech Republic</marc:subfield>
      </marc:datafield>
      <marc:datafield tag="245" ind1="1" ind2="0">
         <marc:subfield code="a">Spatial patterns with memory: tree regeneration after stand‐replacing
        disturbance in Picea abies mountain forests</marc:subfield>
      </marc:datafield>
      <marc:datafield tag="300" ind1=" " ind2=" ">
         <marc:subfield code="a">p. 1327-1340.</marc:subfield>
      </marc:datafield>
      <marc:datafield tag="520" ind1=" " ind2=" ">
         <marc:subfield code="a">QUESTIONS: What are the spatial patterns of adult trees and recruits in
        natural Picea abies forests? How are these patterns related to each other? Does the
        relationship differ before and after stand‐replacing disturbance? What are the ecological
        processes behind these spatial patterns? LOCATION: Mountain Picea abies forests in the
        Šumava Mts. (Bohemian Forest), Czech Republic, affected by a high‐severity outbreak of bark
        beetle (Ips typographus) that caused large‐scale dieback of the forest canopy. METHODS: We
        measured the spatial coordinates and heights of all recruits and the coordinates and DBH of
        all adult trees in nine plots across a wide range of recruit densities. We distinguished
        pre‐ and post‐disturbance recruits, trees killed by the disturbance and trees already dead
        before it. To analyse spatial relationship among these groups, we used univariate and
        bivariate pair‐correlation functions. To provide further insight into the mechanisms behind
        the observed patterns, we fitted Thomas and Matérn point processes to the observed data.
        RESULTS: Recruits formed tight clusters (2–9 m), whereas trees were distributed randomly or
        weakly clustered at short distances (1–2 m). Both pre‐disturbance and post‐disturbance
        recruits were highly clustered (cluster radii &lt; 2 m) around trees before and after the
        stand–replacing disturbance. This fine‐scale pattern was likely driven by a combination of:
        (1) seed accumulation in tree wells during winter; (2) nurse effects of tree trunks
        extending the vegetation period, suppressing competitive vegetation and enhancing nutrient
        supply from decomposed litter; and (3) suitable seedbeds on some decaying wood. The Thomas
        point process fitted the observed pattern of decreasing recruit density with increasing
        distance from mature trees better than the Matérn process. CONCLUSIONS: Tree spatial pattern
        in mountain P. abies forests showed high resilience to stand‐replacing disturbance. After a
        self‐thinning of recruits tightly clustered around parental trees, their spatial pattern
        will mirror the pattern of trees that formed the stand before the disturbance. This ‘memory’
        of tree spatial patterns is an important biological legacy and should be viewed as a
        fundamental property of natural P. abies forests.</marc:subfield>
      </marc:datafield>
      <marc:datafield tag="592" ind1=" " ind2=" ">
         <marc:subfield code="a">Publisher supplied data</marc:subfield>
      </marc:datafield>
      <marc:datafield tag="593" ind1=" " ind2=" ">
         <marc:subfield code="a">PubAg article</marc:subfield>
      </marc:datafield>
      <marc:datafield tag="650" ind1=" " ind2="3">
         <marc:subfield code="a">Ips typographus</marc:subfield>
      </marc:datafield>
      <marc:datafield tag="650" ind1=" " ind2="3">
         <marc:subfield code="a">Picea abies</marc:subfield>
      </marc:datafield>
      <marc:datafield tag="650" ind1=" " ind2="3">
         <marc:subfield code="a">bark beetles</marc:subfield>
      </marc:datafield>
      <marc:datafield tag="650" ind1=" " ind2="3">
         <marc:subfield code="a">dieback</marc:subfield>
      </marc:datafield>
      <marc:datafield tag="650" ind1=" " ind2="3">
         <marc:subfield code="a">forest canopy</marc:subfield>
      </marc:datafield>
      <marc:datafield tag="650" ind1=" " ind2="3">
         <marc:subfield code="a">mature plants</marc:subfield>
      </marc:datafield>
      <marc:datafield tag="650" ind1=" " ind2="3">
         <marc:subfield code="a">montane forests</marc:subfield>
      </marc:datafield>
      <marc:datafield tag="650" ind1=" " ind2="3">
         <marc:subfield code="a">seedbeds</marc:subfield>
      </marc:datafield>
      <marc:datafield tag="650" ind1=" " ind2="3">
         <marc:subfield code="a">tree trunk</marc:subfield>
      </marc:datafield>
      <marc:datafield tag="650" ind1=" " ind2="3">
         <marc:subfield code="a">trees</marc:subfield>
      </marc:datafield>
      <marc:datafield tag="650" ind1=" " ind2="3">
         <marc:subfield code="a">winter</marc:subfield>
      </marc:datafield>
      <marc:datafield tag="650" ind1=" " ind2="3">
         <marc:subfield code="a">wood</marc:subfield>
      </marc:datafield>
      <marc:datafield tag="651" ind1=" " ind2="3">
         <marc:subfield code="a">Czech Republic</marc:subfield>
      </marc:datafield>
      <marc:datafield tag="700" ind1="1" ind2=" ">
         <marc:subfield code="a">Kopecký, Martin</marc:subfield>
         <marc:subfield code="e">author</marc:subfield>
      </marc:datafield>
      <marc:datafield tag="700" ind1="1" ind2=" ">
         <marc:subfield code="a">Svoboda, Miroslav</marc:subfield>
         <marc:subfield code="e">author</marc:subfield>
      </marc:datafield>
      <marc:datafield tag="700" ind1="1" ind2=" ">
         <marc:subfield code="a">Zenáhlíková, Jitka</marc:subfield>
         <marc:subfield code="e">author</marc:subfield>
      </marc:datafield>
      <marc:datafield tag="700" ind1="1" ind2=" ">
         <marc:subfield code="a">Edwards‐Jonášová, Magda</marc:subfield>
         <marc:subfield code="e">author</marc:subfield>
      </marc:datafield>
      <marc:datafield tag="700" ind1="1" ind2=" ">
         <marc:subfield code="a">Herben, Tomáš</marc:subfield>
         <marc:subfield code="e">author</marc:subfield>
      </marc:datafield>
      <marc:datafield tag="700" ind1="1" ind2=" ">
         <marc:subfield code="a">Vandvik, Vigdis</marc:subfield>
         <marc:subfield code="e">author</marc:subfield>
      </marc:datafield>
      <marc:datafield tag="773" ind1="0" ind2=" ">
         <marc:subfield code="t">Journal of vegetation science.</marc:subfield>
         <marc:subfield code="g">2014 Nov., v. 25, no. 6 p.1327-1340</marc:subfield>
         <marc:subfield code="d">Opulus Press</marc:subfield>
         <marc:subfield code="w">Journal:jnl46820</marc:subfield>
         <marc:subfield code="x">1100-9233</marc:subfield>
         <marc:subfield code="7">nnas</marc:subfield>
      </marc:datafield>
      <marc:datafield tag="787" ind1="1" ind2=" ">
         <marc:subfield code="o">islandora_article_repository</marc:subfield>
      </marc:datafield>
      <marc:datafield tag="787" ind1="1" ind2=" ">
         <marc:subfield code="o">product_pubag</marc:subfield>
      </marc:datafield>
      <marc:datafield tag="787" ind1="1" ind2=" ">
         <marc:subfield code="o">(Journal)jnl46820</marc:subfield>
      </marc:datafield>
      <marc:datafield tag="856" ind1="4" ind2="0">
         <marc:subfield code="u">http://dx.doi.org/10.1111/jvs.12189</marc:subfield>
         <marc:subfield code="3">Available from publisher's site</marc:subfield>
      </marc:datafield>
      <marc:datafield tag="912" ind1=" " ind2=" ">
         <marc:subfield code="a">Article</marc:subfield>
      </marc:datafield>
      <marc:datafield tag="914" ind1=" " ind2=" ">
         <marc:subfield code="a">Journal:jnl46820</marc:subfield>
         <marc:subfield code="b">1100-9233</marc:subfield>
         <marc:subfield code="c">25</marc:subfield>
         <marc:subfield code="d">6</marc:subfield>
         <marc:subfield code="e">1327</marc:subfield>
      </marc:datafield>
      <marc:datafield tag="914" ind1=" " ind2=" ">
         <marc:subfield code="f">Journal of vegetation science</marc:subfield>
      </marc:datafield>
      <marc:datafield tag="916" ind1=" " ind2=" ">
         <marc:subfield code="a">Batch:787</marc:subfield>
      </marc:datafield>
      <marc:datafield tag="917" ind1=" " ind2=" ">
         <marc:subfield code="a">issued</marc:subfield>
      </marc:datafield>
      <marc:datafield tag="918" ind1="2" ind2=" ">
         <marc:subfield code="a">John Wiley &amp; Sons, Inc</marc:subfield>
         <marc:subfield code="e">provider</marc:subfield>
         <marc:subfield code="5">DNAL</marc:subfield>
      </marc:datafield>
      <marc:datafield tag="935" ind1=" " ind2=" ">
         <marc:subfield code="a">IND600822321</marc:subfield>
         <marc:subfield code="9">ExL</marc:subfield>
      </marc:datafield>
      <marc:datafield tag="949" ind1=" " ind2=" ">
         <marc:subfield code="a">2015-02-13</marc:subfield>
      </marc:datafield>
      <marc:datafield tag="953" ind1=" " ind2=" ">
         <marc:subfield code="a">11009233_2014_25_6.xml</marc:subfield>
      </marc:datafield>
      <marc:datafield tag="962" ind1=" " ind2=" ">
         <marc:subfield code="a">Batch:787 annotated on 2015-01-29T20:10:48Z</marc:subfield>
      </marc:datafield>
      <marc:datafield tag="962" ind1=" " ind2=" ">
         <marc:subfield code="a">Batch:787 reviewed on 2015-02-13T04:00:03Z</marc:subfield>
      </marc:datafield>
      <marc:datafield tag="962" ind1=" " ind2=" ">
         <marc:subfield code="a">Batch:787 reviewed on 2015-02-13T11:00:07Z</marc:subfield>
      </marc:datafield>
      <marc:datafield tag="974" ind1=" " ind2=" ">
         <marc:subfield code="a">agid:822321</marc:subfield>
      </marc:datafield>
      <marc:datafield tag="983" ind1=" " ind2=" ">
         <marc:subfield code="a">2014-10-17</marc:subfield>
      </marc:datafield>
      <marc:datafield tag="984" ind1=" " ind2=" ">
         <marc:subfield code="a">2018-06-25</marc:subfield>
      </marc:datafield>
   </marc:record>