
   <marc:record>
      <marc:leader>06210nab a2200769 u 4500</marc:leader>
      <marc:controlfield tag="001">9915636859907426</marc:controlfield>
      <marc:controlfield tag="005">20221119111650.0</marc:controlfield>
      <marc:controlfield tag="008">200127e202001 xx |||||o|||||||||||eng||</marc:controlfield>
      <marc:datafield tag="016" ind1="7" ind2=" ">
         <marc:subfield code="a">IND606821509</marc:subfield>
         <marc:subfield code="2">DNAL</marc:subfield>
      </marc:datafield>
      <marc:datafield tag="024" ind1="7" ind2=" ">
         <marc:subfield code="a">10.1111/jbi.13738</marc:subfield>
         <marc:subfield code="2">doi</marc:subfield>
      </marc:datafield>
      <marc:datafield tag="035" ind1=" " ind2=" ">
         <marc:subfield code="a">agid:6821509-01nal_inst</marc:subfield>
      </marc:datafield>
      <marc:datafield tag="040" ind1=" " ind2=" ">
         <marc:subfield code="a">AGL</marc:subfield>
         <marc:subfield code="b">eng</marc:subfield>
         <marc:subfield code="c">AGL</marc:subfield>
      </marc:datafield>
      <marc:datafield tag="100" ind1="1" ind2=" ">
         <marc:subfield code="a">Zhang, Qiang</marc:subfield>
         <marc:subfield code="e">author</marc:subfield>
         <marc:subfield code="u">Guangdong Key Laboratory of Animal Conservation and Resource Utilization,
        Guangdong Public Laboratory of Wild Animal Conservation and Utilization, Guangdong Institute
        of Applied Biological Resources, Guangzhou, China</marc:subfield>
         <marc:subfield code="1">https://orcid.org/0000-0001-9440-2796</marc:subfield>
      </marc:datafield>
      <marc:datafield tag="245" ind1="1" ind2="0">
         <marc:subfield code="a">Trait‐mediated filtering drives contrasting patterns of species richness
        and functional diversity across montane bird assemblages</marc:subfield>
      </marc:datafield>
      <marc:datafield tag="300" ind1=" " ind2=" ">
         <marc:subfield code="a">p. 301-312.</marc:subfield>
      </marc:datafield>
      <marc:datafield tag="500" ind1=" " ind2=" ">
         <marc:subfield code="a">NAL-AP-2-clean</marc:subfield>
      </marc:datafield>
      <marc:datafield tag="500" ind1=" " ind2=" ">
         <marc:subfield code="a">JOURNAL ARTICLE</marc:subfield>
      </marc:datafield>
      <marc:datafield tag="520" ind1=" " ind2=" ">
         <marc:subfield code="a">AIM: Most studies of diversity changes along elevational gradients show a
        synchronous change in taxonomic, functional and phylogenetic diversity, such that all
        decline with elevation or show a mid‐elevation peak. However, some studies show asynchronous
        changes, which challenge us to explain their assembly. Here we used functional trait
        variation and niche spacing to test the roles of environmental filtering and
        competition‐driven niche separation in assembly and biodiversity patterns across an
        elevational gradient. LOCATION: Nanling Mountains, southern China. TAXON: Birds (Timaliidae,
        Pycnonotidae and Sylviidae) METHODS: Breeding birds were surveyed in 2012–2017 from 300 to
        1900 m ASL. We tested bird diversity pattern and community structure relevant to
        environmental filtering and limiting similarity by integrating functional traits and
        evolutionary distances, as well as vegetation heterogeneity. A null modelling approach
        tested specific trait variation and niche spacing in relation to habitat associations and
        niche segregation. RESULTS: Contrary to expectation, bird richness peaked at just below the
        highest site, and functional diversity declined significantly with elevation.
        Functional–phylogenetic distance metrics converged with increasing elevation, corresponding
        to strong environmental filtering and habitat change. For the spatial arrangement of
        specific traits, restricted dispersal ability, elevational range and clutch sizes were
        related to filtering effects, as indicated by trait convergence in clustered highland bird
        assemblages. Conversely, overdispersed lowland assemblages have evenly spaced trait values
        predicted by limiting similarity, including bill length, vertical stratum‐use and flocking
        propensity. In addition, bird functional diversity was highly correlated with both
        vegetation productivity and tree height, which reinforces the role of filtering in
        structuring local bird assemblages. MAIN CONCLUSIONS: This study highlights how strong
        filtering can produce a counter‐intuitive, contrasting pattern of changes between species
        richness and functional diversity. Fundamental assembly processes and species roles in
        ecosystems are predictable through examining key traits of life‐history and foraging
        characteristics, and their associations with environmental variables.</marc:subfield>
      </marc:datafield>
      <marc:datafield tag="592" ind1=" " ind2=" ">
         <marc:subfield code="a">Publisher supplied data</marc:subfield>
      </marc:datafield>
      <marc:datafield tag="593" ind1=" " ind2=" ">
         <marc:subfield code="a">PubAg article</marc:subfield>
      </marc:datafield>
      <marc:datafield tag="596" ind1=" " ind2=" ">
         <marc:subfield code="a">31670445</marc:subfield>
         <marc:subfield code="c">National Natural Science Foundation of China</marc:subfield>
      </marc:datafield>
      <marc:datafield tag="596" ind1=" " ind2=" ">
         <marc:subfield code="a">31672265</marc:subfield>
         <marc:subfield code="c">National Natural Science Foundation of China</marc:subfield>
      </marc:datafield>
      <marc:datafield tag="596" ind1=" " ind2=" ">
         <marc:subfield code="a">2018B030324001</marc:subfield>
         <marc:subfield code="c">Guangdong Provincial Science and Technology Program</marc:subfield>
      </marc:datafield>
      <marc:datafield tag="596" ind1=" " ind2=" ">
         <marc:subfield code="a">2018GDASCX‐0107</marc:subfield>
         <marc:subfield code="c">GDAS Special Project of Science and Technology Development</marc:subfield>
      </marc:datafield>
      <marc:datafield tag="596" ind1=" " ind2=" ">
         <marc:subfield code="a">201610010001</marc:subfield>
         <marc:subfield code="c">The Pearl River S&amp;T Nova Program of Guangzhou</marc:subfield>
      </marc:datafield>
      <marc:datafield tag="650" ind1=" " ind2="3">
         <marc:subfield code="a">Pycnonotidae</marc:subfield>
      </marc:datafield>
      <marc:datafield tag="650" ind1=" " ind2="3">
         <marc:subfield code="a">Sylviidae</marc:subfield>
      </marc:datafield>
      <marc:datafield tag="650" ind1=" " ind2="3">
         <marc:subfield code="a">Timaliidae</marc:subfield>
      </marc:datafield>
      <marc:datafield tag="650" ind1=" " ind2="3">
         <marc:subfield code="a">biogeography</marc:subfield>
      </marc:datafield>
      <marc:datafield tag="650" ind1=" " ind2="3">
         <marc:subfield code="a">birds</marc:subfield>
      </marc:datafield>
      <marc:datafield tag="650" ind1=" " ind2="3">
         <marc:subfield code="a">community structure</marc:subfield>
      </marc:datafield>
      <marc:datafield tag="650" ind1=" " ind2="3">
         <marc:subfield code="a">ecological differentiation</marc:subfield>
      </marc:datafield>
      <marc:datafield tag="650" ind1=" " ind2="3">
         <marc:subfield code="a">functional diversity</marc:subfield>
      </marc:datafield>
      <marc:datafield tag="650" ind1=" " ind2="3">
         <marc:subfield code="a">habitats</marc:subfield>
      </marc:datafield>
      <marc:datafield tag="650" ind1=" " ind2="3">
         <marc:subfield code="a">life history</marc:subfield>
      </marc:datafield>
      <marc:datafield tag="650" ind1=" " ind2="3">
         <marc:subfield code="a">phylogeny</marc:subfield>
      </marc:datafield>
      <marc:datafield tag="650" ind1=" " ind2="3">
         <marc:subfield code="a">species richness</marc:subfield>
      </marc:datafield>
      <marc:datafield tag="650" ind1=" " ind2="3">
         <marc:subfield code="a">tree height</marc:subfield>
      </marc:datafield>
      <marc:datafield tag="650" ind1=" " ind2="3">
         <marc:subfield code="a">vegetation</marc:subfield>
      </marc:datafield>
      <marc:datafield tag="651" ind1=" " ind2="3">
         <marc:subfield code="a">China</marc:subfield>
      </marc:datafield>
      <marc:datafield tag="700" ind1="1" ind2=" ">
         <marc:subfield code="a">Holyoak, Marcel</marc:subfield>
         <marc:subfield code="e">author</marc:subfield>
         <marc:subfield code="u">Department of Environmental Science and Policy, University of California,
        Davis, CA, USA</marc:subfield>
      </marc:datafield>
      <marc:datafield tag="700" ind1="1" ind2=" ">
         <marc:subfield code="a">Chen, Chuanwu</marc:subfield>
         <marc:subfield code="e">author</marc:subfield>
         <marc:subfield code="u">College of Life Sciences, Nanjing Normal University, Nanjing,
        China</marc:subfield>
         <marc:subfield code="1">https://orcid.org/0000-0002-3974-853X</marc:subfield>
      </marc:datafield>
      <marc:datafield tag="700" ind1="1" ind2=" ">
         <marc:subfield code="a">Liu, Zhifa</marc:subfield>
         <marc:subfield code="e">author</marc:subfield>
         <marc:subfield code="u">Nanling National Nature Reserve, Shaoguan, China</marc:subfield>
      </marc:datafield>
      <marc:datafield tag="700" ind1="1" ind2=" ">
         <marc:subfield code="a">Liu, Jiajia</marc:subfield>
         <marc:subfield code="e">author</marc:subfield>
         <marc:subfield code="u">South China Botanical Garden, Chinese Academy of Sciences, Guangzhou,
        China</marc:subfield>
      </marc:datafield>
      <marc:datafield tag="700" ind1="1" ind2=" ">
         <marc:subfield code="a">Che, Xianli</marc:subfield>
         <marc:subfield code="e">author</marc:subfield>
         <marc:subfield code="u">Guangdong Key Laboratory of Animal Conservation and Resource Utilization,
        Guangdong Public Laboratory of Wild Animal Conservation and Utilization, Guangdong Institute
        of Applied Biological Resources, Guangzhou, China</marc:subfield>
      </marc:datafield>
      <marc:datafield tag="700" ind1="1" ind2=" ">
         <marc:subfield code="a">Dong, Anqiang</marc:subfield>
         <marc:subfield code="e">author</marc:subfield>
         <marc:subfield code="u">College of Life Sciences, Zhongkai Univeristy of Agriculture and
        Engineering, Guangzhou, China</marc:subfield>
      </marc:datafield>
      <marc:datafield tag="700" ind1="1" ind2=" ">
         <marc:subfield code="a">Yang, Changteng</marc:subfield>
         <marc:subfield code="e">author</marc:subfield>
         <marc:subfield code="u">Nanling National Nature Reserve, Shaoguan, China</marc:subfield>
      </marc:datafield>
      <marc:datafield tag="700" ind1="1" ind2=" ">
         <marc:subfield code="a">Zou, Fasheng</marc:subfield>
         <marc:subfield code="e">author</marc:subfield>
         <marc:subfield code="u">Guangdong Key Laboratory of Animal Conservation and Resource Utilization,
        Guangdong Public Laboratory of Wild Animal Conservation and Utilization, Guangdong Institute
        of Applied Biological Resources, Guangzhou, China</marc:subfield>
      </marc:datafield>
      <marc:datafield tag="773" ind1="0" ind2=" ">
         <marc:subfield code="t">Journal of biogeography.</marc:subfield>
         <marc:subfield code="g">2020 Jan., v. 47, no. 1 p.301-312</marc:subfield>
         <marc:subfield code="d">John Wiley &amp; Sons, Ltd</marc:subfield>
         <marc:subfield code="w">Journal:jnl9765</marc:subfield>
         <marc:subfield code="x">0305-0270</marc:subfield>
         <marc:subfield code="7">nnas</marc:subfield>
      </marc:datafield>
      <marc:datafield tag="787" ind1="1" ind2=" ">
         <marc:subfield code="o">islandora_article_repository</marc:subfield>
      </marc:datafield>
      <marc:datafield tag="787" ind1="1" ind2=" ">
         <marc:subfield code="o">product_pubag</marc:subfield>
      </marc:datafield>
      <marc:datafield tag="787" ind1="1" ind2=" ">
         <marc:subfield code="o">(Journal)jnl9765</marc:subfield>
      </marc:datafield>
      <marc:datafield tag="856" ind1="4" ind2="0">
         <marc:subfield code="u">http://dx.doi.org/10.1111/jbi.13738</marc:subfield>
         <marc:subfield code="3">Available from publisher's site</marc:subfield>
      </marc:datafield>
      <marc:datafield tag="912" ind1=" " ind2=" ">
         <marc:subfield code="a">Article</marc:subfield>
      </marc:datafield>
      <marc:datafield tag="914" ind1=" " ind2=" ">
         <marc:subfield code="a">Journal:jnl9765</marc:subfield>
         <marc:subfield code="b">0305-0270</marc:subfield>
         <marc:subfield code="c">47</marc:subfield>
         <marc:subfield code="d">1</marc:subfield>
         <marc:subfield code="e">301</marc:subfield>
      </marc:datafield>
      <marc:datafield tag="914" ind1=" " ind2=" ">
         <marc:subfield code="f">Journal of biogeography</marc:subfield>
      </marc:datafield>
      <marc:datafield tag="916" ind1=" " ind2=" ">
         <marc:subfield code="a">Batch:10149</marc:subfield>
      </marc:datafield>
      <marc:datafield tag="917" ind1=" " ind2=" ">
         <marc:subfield code="a">issued</marc:subfield>
      </marc:datafield>
      <marc:datafield tag="918" ind1="2" ind2=" ">
         <marc:subfield code="a">John Wiley &amp; Sons, Inc</marc:subfield>
         <marc:subfield code="e">provider</marc:subfield>
         <marc:subfield code="5">DNAL</marc:subfield>
      </marc:datafield>
      <marc:datafield tag="935" ind1=" " ind2=" ">
         <marc:subfield code="a">IND606821509</marc:subfield>
         <marc:subfield code="9">ExL</marc:subfield>
      </marc:datafield>
      <marc:datafield tag="949" ind1=" " ind2=" ">
         <marc:subfield code="a">2021-06-18</marc:subfield>
      </marc:datafield>
      <marc:datafield tag="953" ind1=" " ind2=" ">
         <marc:subfield code="a">/data/metadata/incoming/wiley/03050270_2020_47_1.xml</marc:subfield>
      </marc:datafield>
      <marc:datafield tag="954" ind1=" " ind2=" ">
         <marc:subfield code="a">file:/data/metadata/staging/wiley/03050270_2020_47_1.xml</marc:subfield>
      </marc:datafield>
      <marc:datafield tag="955" ind1=" " ind2=" ">
         <marc:subfield code="a">/data/metadata/staging/wiley/</marc:subfield>
      </marc:datafield>
      <marc:datafield tag="974" ind1=" " ind2=" ">
         <marc:subfield code="a">agid:6821509</marc:subfield>
      </marc:datafield>
      <marc:datafield tag="983" ind1=" " ind2=" ">
         <marc:subfield code="a">2020-01-27</marc:subfield>
      </marc:datafield>
      <marc:datafield tag="984" ind1=" " ind2=" ">
         <marc:subfield code="a">2021-06-18</marc:subfield>
      </marc:datafield>
   </marc:record>