
   <marc:record>
      <marc:leader>04528nab a2200709 u 4500</marc:leader>
      <marc:controlfield tag="001">9915637292507426</marc:controlfield>
      <marc:controlfield tag="005">20221119113220.0</marc:controlfield>
      <marc:controlfield tag="008">190408e20190504xx |||||o|||||||||||eng||</marc:controlfield>
      <marc:datafield tag="016" ind1="7" ind2=" ">
         <marc:subfield code="a">IND606363270</marc:subfield>
         <marc:subfield code="2">DNAL</marc:subfield>
      </marc:datafield>
      <marc:datafield tag="024" ind1="7" ind2=" ">
         <marc:subfield code="a">10.1080/17538947.2018.1464072</marc:subfield>
         <marc:subfield code="2">doi</marc:subfield>
      </marc:datafield>
      <marc:datafield tag="035" ind1=" " ind2=" ">
         <marc:subfield code="a">agid:6363270-01nal_inst</marc:subfield>
      </marc:datafield>
      <marc:datafield tag="040" ind1=" " ind2=" ">
         <marc:subfield code="a">AGL</marc:subfield>
         <marc:subfield code="b">eng</marc:subfield>
         <marc:subfield code="c">AGL</marc:subfield>
      </marc:datafield>
      <marc:datafield tag="100" ind1="1" ind2=" ">
         <marc:subfield code="a">San-Miguel, Ignacio</marc:subfield>
         <marc:subfield code="e">author</marc:subfield>
         <marc:subfield code="u">Integrated Remote Sensing Studio, Department of Forest Resources
        Management, University of British Columbia, Vancouver, BC, Canada</marc:subfield>
      </marc:datafield>
      <marc:datafield tag="245" ind1="1" ind2="0">
         <marc:subfield code="a">Quantifying local fire regimes using the Landsat data-archive: a conceptual
        framework to derive detailed fire pattern metrics from pixel-level information</marc:subfield>
      </marc:datafield>
      <marc:datafield tag="300" ind1=" " ind2=" ">
         <marc:subfield code="a">p. 544-565.</marc:subfield>
      </marc:datafield>
      <marc:datafield tag="520" ind1=" " ind2=" ">
         <marc:subfield code="a">Free and open access to the Landsat archive has enabled the detection and
        delineation of an unprecedented number of fire events across the globe. Despite the
        availability and potential of these data, few studies have analysed residual vegetation
        patterns and/or partial mortality of fire across the Canadian boreal forest, and those
        available, are either incomplete or inaccurate. Further, they all differ in the methods and
        spatial language, which makes it difficult for managers to interpret fire patterns over
        large areas. There is an urgent need for methods to help unify fire pattern observations
        across the Canadian boreal forest. This study explores the capacity of the Landsat data
        archive when coupled with a recently developed fire mapping approach and a robust spatial
        language to characterize and compare tree mortality patterns across the boreal plains
        ecozone, Canada. With 507 fires 2.5 Mha mapped, this study represents the most comprehensive
        analysis of mortality patterns for study area. Summaries from this demonstration generated
        an accurate characterization of the fire patterns the various ecoregions based on seven key
        fire metrics. The comparison between ecoregions revealed differences in the amount of
        residual vegetation, which in turn suggested various climate, topography and/or vegetation
        ecosystem drivers.</marc:subfield>
      </marc:datafield>
      <marc:datafield tag="536" ind1=" " ind2=" ">
         <marc:subfield code="a">This research was made possible thanks to Saskatchewan Environment, fRI
        Research Healthy Landscapes Program, the government of the Northwest Territories, Bandaloop
        Landscape-Ecosystem Services, and an NSERC Discovery and Engage grant to Coops (RGPIN
        311926-13 and EGP 503226-16).</marc:subfield>
      </marc:datafield>
      <marc:datafield tag="592" ind1=" " ind2=" ">
         <marc:subfield code="a">Publisher supplied data</marc:subfield>
      </marc:datafield>
      <marc:datafield tag="593" ind1=" " ind2=" ">
         <marc:subfield code="a">PubAg article</marc:subfield>
      </marc:datafield>
      <marc:datafield tag="596" ind1=" " ind2=" ">
         <marc:subfield code="a">RGPIN 311926-13 and EGP 503226-16</marc:subfield>
         <marc:subfield code="c">NSERC Discovery and Engage grant to Coops</marc:subfield>
         <marc:subfield code="d">https://doi.org/10.13039/501100000038</marc:subfield>
      </marc:datafield>
      <marc:datafield tag="596" ind1=" " ind2=" ">
         <marc:subfield code="c">Bandaloop Landscape-Ecosystem Services</marc:subfield>
      </marc:datafield>
      <marc:datafield tag="596" ind1=" " ind2=" ">
         <marc:subfield code="c">fRI Research Healthy Landscapes Program</marc:subfield>
      </marc:datafield>
      <marc:datafield tag="596" ind1=" " ind2=" ">
         <marc:subfield code="c">Government of the Northwest Territories</marc:subfield>
      </marc:datafield>
      <marc:datafield tag="596" ind1=" " ind2=" ">
         <marc:subfield code="c">Saskatchewan Environment</marc:subfield>
      </marc:datafield>
      <marc:datafield tag="650" ind1=" " ind2="3">
         <marc:subfield code="a">Landsat</marc:subfield>
      </marc:datafield>
      <marc:datafield tag="650" ind1=" " ind2="3">
         <marc:subfield code="a">boreal forests</marc:subfield>
      </marc:datafield>
      <marc:datafield tag="650" ind1=" " ind2="3">
         <marc:subfield code="a">climate</marc:subfield>
      </marc:datafield>
      <marc:datafield tag="650" ind1=" " ind2="3">
         <marc:subfield code="a">ecoregions</marc:subfield>
      </marc:datafield>
      <marc:datafield tag="650" ind1=" " ind2="3">
         <marc:subfield code="a">ecosystems</marc:subfield>
      </marc:datafield>
      <marc:datafield tag="650" ind1=" " ind2="3">
         <marc:subfield code="a">fire regime</marc:subfield>
      </marc:datafield>
      <marc:datafield tag="650" ind1=" " ind2="3">
         <marc:subfield code="a">fires</marc:subfield>
      </marc:datafield>
      <marc:datafield tag="650" ind1=" " ind2="3">
         <marc:subfield code="a">mortality</marc:subfield>
      </marc:datafield>
      <marc:datafield tag="650" ind1=" " ind2="3">
         <marc:subfield code="a">topography</marc:subfield>
      </marc:datafield>
      <marc:datafield tag="650" ind1=" " ind2="3">
         <marc:subfield code="a">tree mortality</marc:subfield>
      </marc:datafield>
      <marc:datafield tag="651" ind1=" " ind2="3">
         <marc:subfield code="a">Canada</marc:subfield>
      </marc:datafield>
      <marc:datafield tag="653" ind1=" " ind2="0">
         <marc:subfield code="a">Fire emulation</marc:subfield>
      </marc:datafield>
      <marc:datafield tag="653" ind1=" " ind2="0">
         <marc:subfield code="a">historical range of variability</marc:subfield>
      </marc:datafield>
      <marc:datafield tag="653" ind1=" " ind2="0">
         <marc:subfield code="a">landscape metrics</marc:subfield>
      </marc:datafield>
      <marc:datafield tag="653" ind1=" " ind2="0">
         <marc:subfield code="a">fire patterns</marc:subfield>
      </marc:datafield>
      <marc:datafield tag="653" ind1=" " ind2="0">
         <marc:subfield code="a">disturbance-based management</marc:subfield>
      </marc:datafield>
      <marc:datafield tag="700" ind1="1" ind2=" ">
         <marc:subfield code="a">Andison, David W.</marc:subfield>
         <marc:subfield code="e">author</marc:subfield>
         <marc:subfield code="u">Bandaloop Landscape-Ecosystem Services, North Vancouver, BC,
        Canada</marc:subfield>
      </marc:datafield>
      <marc:datafield tag="700" ind1="1" ind2=" ">
         <marc:subfield code="a">Coops, Nicholas C.</marc:subfield>
         <marc:subfield code="e">author</marc:subfield>
         <marc:subfield code="u">Integrated Remote Sensing Studio, Department of Forest Resources
        Management, University of British Columbia, Vancouver, BC, Canada</marc:subfield>
      </marc:datafield>
      <marc:datafield tag="773" ind1="0" ind2=" ">
         <marc:subfield code="t">International journal of digital earth.</marc:subfield>
         <marc:subfield code="g">2019 May 4, v. 12, no. 5 p.544-565</marc:subfield>
         <marc:subfield code="d">Taylor &amp; Francis</marc:subfield>
         <marc:subfield code="w">Journal:12290</marc:subfield>
         <marc:subfield code="x">1753-8955</marc:subfield>
         <marc:subfield code="7">nnas</marc:subfield>
      </marc:datafield>
      <marc:datafield tag="787" ind1="1" ind2=" ">
         <marc:subfield code="o">islandora_article_repository</marc:subfield>
      </marc:datafield>
      <marc:datafield tag="787" ind1="1" ind2=" ">
         <marc:subfield code="o">product_pubag</marc:subfield>
      </marc:datafield>
      <marc:datafield tag="787" ind1="1" ind2=" ">
         <marc:subfield code="o">(Journal)12290</marc:subfield>
      </marc:datafield>
      <marc:datafield tag="856" ind1="4" ind2="0">
         <marc:subfield code="u">http://dx.doi.org/10.1080/17538947.2018.1464072</marc:subfield>
         <marc:subfield code="3">Available from publisher's site</marc:subfield>
      </marc:datafield>
      <marc:datafield tag="912" ind1=" " ind2=" ">
         <marc:subfield code="a">Article</marc:subfield>
      </marc:datafield>
      <marc:datafield tag="914" ind1=" " ind2=" ">
         <marc:subfield code="a">Journal:12290</marc:subfield>
         <marc:subfield code="b">1753-8955</marc:subfield>
         <marc:subfield code="c">12</marc:subfield>
         <marc:subfield code="d">5</marc:subfield>
         <marc:subfield code="e">544</marc:subfield>
      </marc:datafield>
      <marc:datafield tag="914" ind1=" " ind2=" ">
         <marc:subfield code="f">International journal of digital earth</marc:subfield>
      </marc:datafield>
      <marc:datafield tag="916" ind1=" " ind2=" ">
         <marc:subfield code="a">Batch:2197</marc:subfield>
      </marc:datafield>
      <marc:datafield tag="917" ind1=" " ind2=" ">
         <marc:subfield code="a">issued</marc:subfield>
      </marc:datafield>
      <marc:datafield tag="918" ind1="2" ind2=" ">
         <marc:subfield code="a">Taylor &amp; Francis Group</marc:subfield>
         <marc:subfield code="e">provider</marc:subfield>
         <marc:subfield code="5">DNAL</marc:subfield>
      </marc:datafield>
      <marc:datafield tag="935" ind1=" " ind2=" ">
         <marc:subfield code="a">IND606363270</marc:subfield>
         <marc:subfield code="9">ExL</marc:subfield>
      </marc:datafield>
      <marc:datafield tag="949" ind1=" " ind2=" ">
         <marc:subfield code="a">2019-05-14</marc:subfield>
      </marc:datafield>
      <marc:datafield tag="953" ind1=" " ind2=" ">
         <marc:subfield code="a">/data/metadata/incoming/taylorfrancis/tjde20_tjde20.v012.i05_20190408093306#16776563.zip</marc:subfield>
      </marc:datafield>
      <marc:datafield tag="954" ind1=" " ind2=" ">
         <marc:subfield code="a">file:/data/metadata/staging/taylorfrancis/17538947.2018.1464072.xml</marc:subfield>
      </marc:datafield>
      <marc:datafield tag="955" ind1=" " ind2=" ">
         <marc:subfield code="a">/data/metadata/staging/taylorfrancis/</marc:subfield>
      </marc:datafield>
      <marc:datafield tag="962" ind1=" " ind2=" ">
         <marc:subfield code="a">Batch:2197 reviewed on 2019-05-14T09:56:24Z</marc:subfield>
      </marc:datafield>
      <marc:datafield tag="974" ind1=" " ind2=" ">
         <marc:subfield code="a">agid:6363270</marc:subfield>
      </marc:datafield>
      <marc:datafield tag="983" ind1=" " ind2=" ">
         <marc:subfield code="a">2019-04-08</marc:subfield>
      </marc:datafield>
      <marc:datafield tag="984" ind1=" " ind2=" ">
         <marc:subfield code="a">2019-05-14</marc:subfield>
      </marc:datafield>
   </marc:record>