
   <marc:record>
      <marc:leader>04507nab a2200469 u 4500</marc:leader>
      <marc:controlfield tag="001">9915638846407426</marc:controlfield>
      <marc:controlfield tag="005">20221119122310.0</marc:controlfield>
      <marc:controlfield tag="008">990810e199906 dcu|||||o|||||||||||eng||</marc:controlfield>
      <marc:datafield tag="016" ind1="7" ind2=" ">
         <marc:subfield code="a">IND22000853</marc:subfield>
         <marc:subfield code="2">DNAL</marc:subfield>
      </marc:datafield>
      <marc:datafield tag="024" ind1="7" ind2=" ">
         <marc:subfield code="a">10.1890/0012-9658(1999)080[1370:RAMOSF]2.0.CO;2</marc:subfield>
         <marc:subfield code="2">doi</marc:subfield>
      </marc:datafield>
      <marc:datafield tag="035" ind1=" " ind2=" ">
         <marc:subfield code="a">agid:1942768-01nal_inst</marc:subfield>
      </marc:datafield>
      <marc:datafield tag="040" ind1=" " ind2=" ">
         <marc:subfield code="a">AGL</marc:subfield>
         <marc:subfield code="b">eng</marc:subfield>
         <marc:subfield code="c">AGL</marc:subfield>
      </marc:datafield>
      <marc:datafield tag="100" ind1="1" ind2=" ">
         <marc:subfield code="a">Donnegan, J. A.</marc:subfield>
         <marc:subfield code="e">author</marc:subfield>
         <marc:subfield code="u">School of Natural Resources, University of Missouri, Columbia, Missouri
        65211 USA</marc:subfield>
      </marc:datafield>
      <marc:datafield tag="245" ind1="1" ind2="0">
         <marc:subfield code="a">RATES AND MECHANISMS OF SUBALPINE FOREST SUCCESSION ALONG AN ENVIRONMENTAL
        GRADIENT</marc:subfield>
      </marc:datafield>
      <marc:datafield tag="300" ind1=" " ind2=" ">
         <marc:subfield code="a">p. 1370-1384.</marc:subfield>
      </marc:datafield>
      <marc:datafield tag="520" ind1=" " ind2=" ">
         <marc:subfield code="a">This paper examines how rates and mechanisms of succession vary spatially
        and temporally in xeric, subalpine forests in Colorado, United States. We reconstructed 300
        years of succession from limber pine (Pinus flexilis) to Engelmann spruce (Picea engelmanii)
        and subalpine fir (Abies lasiocarpa) in two watersheds recovering from the same fire. More
        than 1850 live and dead trees were cored and mapped in 25 plots systematically spaced along
        a topographic gradient. We used tree ring analysis to reconstruct dates of tree
        establishment and death. Relative species abundances and basal areas were charted at 20‐yr
        intervals, and three measures of ecological similarity were also used to capture different
        elements of change: simple Euclidean distance, Euclidean distance in ordination space, and
        Horn’s CH similarity index. Successional rates for mesic lower slopes and north aspects were
        roughly twice those on south‐facing side slopes. Rates were positively correlated with soil
        P, N, Fe, organic matter, and Parker’s topographic moisture index, and negatively correlated
        with solar radiation and surface rock cover. Higher rates on mesic plots were primarily the
        result of heavy overstory mortality of pioneer limber pines ∼200 yr postfire, coupled with
        higher recruitment of spruce and fir 200–300 yr postfire. On mesic sites, successional rates
        peaked during this thinning phase of limber pine, but rates were stable or slowly increasing
        300 yr postfire on xeric sites. Previous studies have shown that Clark’s Nutcracker
        catalyzes early succession by caching limber pine seeds in extensive burns, many of which
        germinate to form multitrunk pines. Limber pines, in turn, may act as nurse trees for spruce
        and fir. However, we reconstructed past spatial patterns of trees and found that limber pine
        mortality in midsuccession was strongly related to its clumped pattern of establishment and
        tendency to attract spruce and fir. Solitary pines with no spruce and fir neighbors within a
        2 m radius had a &gt;80% chance of survival, 1893–1993. In contrast, pines within clumps of
        six or more trees and surrounded by many spruce and fir trees had only 10–20% chance of
        survival, 1893–1993. The multitrunk growth form of limber pines may be selectively
        advantageous on harsh sites, including early postfire environments, but our results suggest
        that this same growth form may be disadvantageous on mesic sites with heavy spruce and fir
        competition during mid‐ to late‐successional stages. We confirmed the equilibrium prediction
        that succession is more rapid on mesic sites, but even in this very simple system,
        demographic mechanisms of succession were relatively complex.</marc:subfield>
      </marc:datafield>
      <marc:datafield tag="592" ind1=" " ind2=" ">
         <marc:subfield code="a">Publisher supplied data</marc:subfield>
      </marc:datafield>
      <marc:datafield tag="650" ind1=" " ind2="3">
         <marc:subfield code="a">ecological succession</marc:subfield>
      </marc:datafield>
      <marc:datafield tag="650" ind1=" " ind2="3">
         <marc:subfield code="a">subalpine forests</marc:subfield>
      </marc:datafield>
      <marc:datafield tag="700" ind1="1" ind2=" ">
         <marc:subfield code="a">Rebertus, A. J.</marc:subfield>
         <marc:subfield code="e">author</marc:subfield>
      </marc:datafield>
      <marc:datafield tag="773" ind1="0" ind2=" ">
         <marc:subfield code="t">Ecology.</marc:subfield>
         <marc:subfield code="g">1999 June, v. 80, no. 4 p.1370-1384</marc:subfield>
         <marc:subfield code="d">Ecological Society of America</marc:subfield>
         <marc:subfield code="x">0012-9658</marc:subfield>
         <marc:subfield code="7">nnas</marc:subfield>
      </marc:datafield>
      <marc:datafield tag="787" ind1="1" ind2=" ">
         <marc:subfield code="o">islandora_article_repository</marc:subfield>
      </marc:datafield>
      <marc:datafield tag="787" ind1="1" ind2=" ">
         <marc:subfield code="o">(Journal)jnl46164</marc:subfield>
      </marc:datafield>
      <marc:datafield tag="852" ind1=" " ind2=" ">
         <marc:subfield code="a">DNAL</marc:subfield>
      </marc:datafield>
      <marc:datafield tag="856" ind1="4" ind2="0">
         <marc:subfield code="u">http://dx.doi.org/10.1890/0012-9658(1999)080%5B1370:RAMOSF%5D2.0.CO;2</marc:subfield>
         <marc:subfield code="3">Available from publisher's Web site</marc:subfield>
      </marc:datafield>
      <marc:datafield tag="912" ind1=" " ind2=" ">
         <marc:subfield code="a">Article</marc:subfield>
      </marc:datafield>
      <marc:datafield tag="914" ind1=" " ind2=" ">
         <marc:subfield code="a">Journal:jnl46164</marc:subfield>
      </marc:datafield>
      <marc:datafield tag="914" ind1=" " ind2=" ">
         <marc:subfield code="f">Ecology</marc:subfield>
      </marc:datafield>
      <marc:datafield tag="917" ind1=" " ind2=" ">
         <marc:subfield code="a">reindex</marc:subfield>
      </marc:datafield>
      <marc:datafield tag="918" ind1="2" ind2=" ">
         <marc:subfield code="a">John Wiley &amp; Sons, Inc</marc:subfield>
         <marc:subfield code="e">provider</marc:subfield>
         <marc:subfield code="5">DNAL</marc:subfield>
      </marc:datafield>
      <marc:datafield tag="930" ind1=" " ind2=" ">
         <marc:subfield code="a">19990901</marc:subfield>
         <marc:subfield code="b">19990909</marc:subfield>
         <marc:subfield code="c">00000000</marc:subfield>
      </marc:datafield>
      <marc:datafield tag="935" ind1=" " ind2=" ">
         <marc:subfield code="a">IND22000853</marc:subfield>
         <marc:subfield code="9">ExL</marc:subfield>
      </marc:datafield>
      <marc:datafield tag="945" ind1=" " ind2=" ">
         <marc:subfield code="a">IND</marc:subfield>
         <marc:subfield code="d">RE1</marc:subfield>
      </marc:datafield>
      <marc:datafield tag="946" ind1=" " ind2=" ">
         <marc:subfield code="a">Other US</marc:subfield>
      </marc:datafield>
      <marc:datafield tag="952" ind1=" " ind2=" ">
         <marc:subfield code="a">19990901 19990909 00000000</marc:subfield>
         <marc:subfield code="b">IND RE1 </marc:subfield>
         <marc:subfield code="c">Minimum level record</marc:subfield>
      </marc:datafield>
      <marc:datafield tag="953" ind1=" " ind2=" ">
         <marc:subfield code="a">00129658_1999_80_4.xml</marc:subfield>
      </marc:datafield>
      <marc:datafield tag="962" ind1=" " ind2=" ">
         <marc:subfield code="a">Original article title in upper case</marc:subfield>
      </marc:datafield>
      <marc:datafield tag="974" ind1=" " ind2=" ">
         <marc:subfield code="a">agid:1942768</marc:subfield>
      </marc:datafield>
      <marc:datafield tag="979" ind1=" " ind2=" ">
         <marc:subfield code="a">Failed schema validation</marc:subfield>
      </marc:datafield>
      <marc:datafield tag="984" ind1=" " ind2=" ">
         <marc:subfield code="a">2016-04-25</marc:subfield>
      </marc:datafield>
      <marc:datafield tag="985" ind1=" " ind2=" ">
         <marc:subfield code="a">Converted from MARCXML to MODS version 3.4 using MARC21slim2MODS3-4.xsl
        (Revision 1.95 2014/04/23)</marc:subfield>
      </marc:datafield>
      <marc:datafield tag="986" ind1=" " ind2=" ">
         <marc:subfield code="a">3358545</marc:subfield>
      </marc:datafield>
   </marc:record>