
   <marc:record>
      <marc:leader>04109nab a2200577 u 4500</marc:leader>
      <marc:controlfield tag="001">9915639140007426</marc:controlfield>
      <marc:controlfield tag="005">20221119124111.0</marc:controlfield>
      <marc:controlfield tag="008">980326e199803 dcu|||||o|||||||||||eng||</marc:controlfield>
      <marc:datafield tag="016" ind1="7" ind2=" ">
         <marc:subfield code="a">IND20627505</marc:subfield>
         <marc:subfield code="2">DNAL</marc:subfield>
      </marc:datafield>
      <marc:datafield tag="024" ind1="7" ind2=" ">
         <marc:subfield code="a">10.1890/0012-9658(1998)079[0564:DPASBD]2.0.CO;2</marc:subfield>
         <marc:subfield code="2">doi</marc:subfield>
      </marc:datafield>
      <marc:datafield tag="035" ind1=" " ind2=" ">
         <marc:subfield code="a">agid:1942616-01nal_inst</marc:subfield>
      </marc:datafield>
      <marc:datafield tag="040" ind1=" " ind2=" ">
         <marc:subfield code="a">AGL</marc:subfield>
         <marc:subfield code="b">eng</marc:subfield>
         <marc:subfield code="c">AGL</marc:subfield>
      </marc:datafield>
      <marc:datafield tag="100" ind1="1" ind2=" ">
         <marc:subfield code="a">Dalling, J. W.</marc:subfield>
         <marc:subfield code="e">author</marc:subfield>
         <marc:subfield code="u">Smithsonian Tropical Research Institute, Unit 0948, APO AA
        34002-0948</marc:subfield>
      </marc:datafield>
      <marc:datafield tag="245" ind1="1" ind2="0">
         <marc:subfield code="a">DISPERSAL PATTERNS AND SEED BANK DYNAMICS OF PIONEER TREES IN MOIST
        TROPICAL FOREST</marc:subfield>
      </marc:datafield>
      <marc:datafield tag="300" ind1=" " ind2=" ">
         <marc:subfield code="a">p. 564-578.</marc:subfield>
      </marc:datafield>
      <marc:datafield tag="500" ind1=" " ind2=" ">
         <marc:subfield code="a">2019-12-04</marc:subfield>
      </marc:datafield>
      <marc:datafield tag="520" ind1=" " ind2=" ">
         <marc:subfield code="a">Seed dispersal patterns and seed persistence in the soil should strongly
        influence the distribution of pioneer tree recruits in gaps. Nonetheless, seed distribution
        patterns for pioneers are poorly known, and processes controlling the fate of seeds in the
        soil have been little explored. We examined patterns of seed rain, seed abundance in the
        soil, and seed mortality of two common pioneer trees, Miconia argentea (Melastomataceae) and
        Cecropia insignis (Moraceae), on Barro Colorado Island, Panama. For each species, we
        selected four isolated, reproductive trees within a 50‐ha forest dynamics plot. Seed rain
        and soil seed bank samples were collected, respectively, in mesh traps and from soil cores
        sampled along transects radiating away from the tree crowns. At below‐crown sites, seed rain
        inputs far exceeded soil seed bank densities measured at the end of the fruiting season. For
        Miconia, the below‐crown seed bank in the surface 3 cm of soil accounted for only 23% of
        seed rain, and for Cecropia, only 2%. However for Miconia, at distances &gt;5 m from the
        crown seed bank densities exceeded the annual seed rain input. For both species log seed
        densities in the seed bank declined linearly with log distance from the crown and also
        decreased dramatically through the year. The annual loss rate of Miconia seeds was &gt;90%
        below the crown and declined to 65% at 30 m from the crown. The annual loss rate for
        Cecropia was &gt;90% at all distances. Seed losses in the seed bank could be largely
        attributed to mortality from pathogenic fungi. Fungicide treatment significantly increased
        seed survival in the soil for both species. For these two gap‐dependent pioneer species,
        rapid seed‐bank turnover rates and logarithmic declines in soil seed density with distance
        from adults suggested that both the spatial distribution and timing of gap formation may
        have influenced their chances of successful gap colonization. Recruitment from distant seed
        sources, or from seeds surviving in the soil after the death of the parent tree, may be
        relatively rare for these species.</marc:subfield>
      </marc:datafield>
      <marc:datafield tag="592" ind1=" " ind2=" ">
         <marc:subfield code="a">Publisher supplied data</marc:subfield>
      </marc:datafield>
      <marc:datafield tag="650" ind1=" " ind2="3">
         <marc:subfield code="a">pioneer species</marc:subfield>
      </marc:datafield>
      <marc:datafield tag="650" ind1=" " ind2="3">
         <marc:subfield code="a">Cecropia</marc:subfield>
      </marc:datafield>
      <marc:datafield tag="650" ind1=" " ind2="3">
         <marc:subfield code="a">tropical forests</marc:subfield>
      </marc:datafield>
      <marc:datafield tag="650" ind1=" " ind2="3">
         <marc:subfield code="a">Miconia argentea</marc:subfield>
      </marc:datafield>
      <marc:datafield tag="650" ind1=" " ind2="3">
         <marc:subfield code="a">plant ecology</marc:subfield>
      </marc:datafield>
      <marc:datafield tag="650" ind1=" " ind2="3">
         <marc:subfield code="a">population dynamics</marc:subfield>
      </marc:datafield>
      <marc:datafield tag="651" ind1=" " ind2="3">
         <marc:subfield code="a">Panama</marc:subfield>
      </marc:datafield>
      <marc:datafield tag="653" ind1=" " ind2="0">
         <marc:subfield code="a">Miconia</marc:subfield>
      </marc:datafield>
      <marc:datafield tag="653" ind1=" " ind2="0">
         <marc:subfield code="a">cecropia insignis</marc:subfield>
      </marc:datafield>
      <marc:datafield tag="700" ind1="1" ind2=" ">
         <marc:subfield code="a">Swaine, M. D.</marc:subfield>
         <marc:subfield code="e">author</marc:subfield>
      </marc:datafield>
      <marc:datafield tag="700" ind1="1" ind2=" ">
         <marc:subfield code="a">Garwood, Nancy C.</marc:subfield>
         <marc:subfield code="e">author</marc:subfield>
      </marc:datafield>
      <marc:datafield tag="773" ind1="0" ind2=" ">
         <marc:subfield code="t">Ecology.</marc:subfield>
         <marc:subfield code="g">1998 Mar., v. 79, no. 2 p.564-578</marc:subfield>
         <marc:subfield code="d">Ecological Society of America</marc:subfield>
         <marc:subfield code="x">0012-9658</marc:subfield>
         <marc:subfield code="7">nnas</marc:subfield>
      </marc:datafield>
      <marc:datafield tag="787" ind1="1" ind2=" ">
         <marc:subfield code="o">islandora_article_repository</marc:subfield>
      </marc:datafield>
      <marc:datafield tag="787" ind1="1" ind2=" ">
         <marc:subfield code="o">(Journal)jnl46164</marc:subfield>
      </marc:datafield>
      <marc:datafield tag="852" ind1=" " ind2=" ">
         <marc:subfield code="a">DNAL</marc:subfield>
      </marc:datafield>
      <marc:datafield tag="856" ind1="4" ind2="0">
         <marc:subfield code="u">http://dx.doi.org/10.1890/0012-9658(1998)079%5B0564:DPASBD%5D2.0.CO;2</marc:subfield>
         <marc:subfield code="3">Available from publisher's Web site</marc:subfield>
      </marc:datafield>
      <marc:datafield tag="912" ind1=" " ind2=" ">
         <marc:subfield code="a">Article</marc:subfield>
      </marc:datafield>
      <marc:datafield tag="914" ind1=" " ind2=" ">
         <marc:subfield code="a">Journal:jnl46164</marc:subfield>
      </marc:datafield>
      <marc:datafield tag="914" ind1=" " ind2=" ">
         <marc:subfield code="f">Ecology</marc:subfield>
      </marc:datafield>
      <marc:datafield tag="917" ind1=" " ind2=" ">
         <marc:subfield code="a">reindex</marc:subfield>
      </marc:datafield>
      <marc:datafield tag="918" ind1="2" ind2=" ">
         <marc:subfield code="a">John Wiley &amp; Sons, Inc</marc:subfield>
         <marc:subfield code="e">provider</marc:subfield>
         <marc:subfield code="5">DNAL</marc:subfield>
      </marc:datafield>
      <marc:datafield tag="930" ind1=" " ind2=" ">
         <marc:subfield code="a">19980401</marc:subfield>
         <marc:subfield code="b">19980408</marc:subfield>
         <marc:subfield code="c">00000000</marc:subfield>
      </marc:datafield>
      <marc:datafield tag="935" ind1=" " ind2=" ">
         <marc:subfield code="a">IND20627505</marc:subfield>
         <marc:subfield code="9">ExL</marc:subfield>
      </marc:datafield>
      <marc:datafield tag="945" ind1=" " ind2=" ">
         <marc:subfield code="a">IND</marc:subfield>
         <marc:subfield code="d">RE1</marc:subfield>
      </marc:datafield>
      <marc:datafield tag="946" ind1=" " ind2=" ">
         <marc:subfield code="a">Other US</marc:subfield>
      </marc:datafield>
      <marc:datafield tag="952" ind1=" " ind2=" ">
         <marc:subfield code="a">19980401 19980408 00000000</marc:subfield>
         <marc:subfield code="b">IND RE1 </marc:subfield>
         <marc:subfield code="c">Minimum level record</marc:subfield>
      </marc:datafield>
      <marc:datafield tag="953" ind1=" " ind2=" ">
         <marc:subfield code="a">00129658_1998_79_2.xml</marc:subfield>
      </marc:datafield>
      <marc:datafield tag="962" ind1=" " ind2=" ">
         <marc:subfield code="a">Original article title in upper case</marc:subfield>
      </marc:datafield>
      <marc:datafield tag="974" ind1=" " ind2=" ">
         <marc:subfield code="a">agid:1942616</marc:subfield>
      </marc:datafield>
      <marc:datafield tag="979" ind1=" " ind2=" ">
         <marc:subfield code="a">Failed schema validation</marc:subfield>
      </marc:datafield>
      <marc:datafield tag="984" ind1=" " ind2=" ">
         <marc:subfield code="a">2016-04-25</marc:subfield>
      </marc:datafield>
      <marc:datafield tag="985" ind1=" " ind2=" ">
         <marc:subfield code="a">Converted from MARCXML to MODS version 3.4 using MARC21slim2MODS3-4.xsl
        (Revision 1.95 2014/04/23)</marc:subfield>
      </marc:datafield>
      <marc:datafield tag="986" ind1=" " ind2=" ">
         <marc:subfield code="a">3267921</marc:subfield>
      </marc:datafield>
   </marc:record>