
   <marc:record>
      <marc:leader>05340nab a2200565 u 4500</marc:leader>
      <marc:controlfield tag="001">9915639218607426</marc:controlfield>
      <marc:controlfield tag="005">20221119123925.0</marc:controlfield>
      <marc:controlfield tag="008">980728e199804 dcu|||||o|||||||||||eng||</marc:controlfield>
      <marc:datafield tag="016" ind1="7" ind2=" ">
         <marc:subfield code="a">IND21243082</marc:subfield>
         <marc:subfield code="2">DNAL</marc:subfield>
      </marc:datafield>
      <marc:datafield tag="024" ind1="7" ind2=" ">
         <marc:subfield code="a">10.1890/0012-9658(1998)079[0795:LHDATS]2.0.CO;2</marc:subfield>
         <marc:subfield code="2">doi</marc:subfield>
      </marc:datafield>
      <marc:datafield tag="035" ind1=" " ind2=" ">
         <marc:subfield code="a">agid:1942638-01nal_inst</marc:subfield>
      </marc:datafield>
      <marc:datafield tag="040" ind1=" " ind2=" ">
         <marc:subfield code="a">AGL</marc:subfield>
         <marc:subfield code="b">eng</marc:subfield>
         <marc:subfield code="c">AGL</marc:subfield>
      </marc:datafield>
      <marc:datafield tag="100" ind1="1" ind2=" ">
         <marc:subfield code="a">Lusk, Christopher H.</marc:subfield>
         <marc:subfield code="e">author</marc:subfield>
         <marc:subfield code="u">Instituto de Biología Vegetal y Biotecnología, Universidad de Talca,
        Casilla 747, Talca, Chile</marc:subfield>
      </marc:datafield>
      <marc:datafield tag="245" ind1="1" ind2="0">
         <marc:subfield code="a">LIFE HISTORY DIFFERENCES AND TREE SPECIES COEXISTENCE IN AN OLD‐GROWTH NEW
        ZEALAND RAIN FOREST</marc:subfield>
      </marc:datafield>
      <marc:datafield tag="300" ind1=" " ind2=" ">
         <marc:subfield code="a">p. 795-806.</marc:subfield>
      </marc:datafield>
      <marc:datafield tag="500" ind1=" " ind2=" ">
         <marc:subfield code="a">2019-12-04</marc:subfield>
      </marc:datafield>
      <marc:datafield tag="520" ind1=" " ind2=" ">
         <marc:subfield code="a">We examined stand disturbance history, population structures, spatial
        relationships of age classes and size classes, and tree growth histories in an old‐growth
        temperate rain forest in southern New Zealand. We aimed to determine the role of juvenile
        and adult life history differences in promoting coexistence of the four main overstory
        species (Nothofagus menziesii, Weinmannia racemosa, Dacrydium cupressinum, and Prumnopitys
        ferruginea). There was no evidence that major compositional shifts were occurring: N.
        menziesii, D. cupressinum, and P. ferruginea were represented by all‐aged populations,
        indicating continual recruitment of all three species within the 5‐ha study area during
        recent centuries. No age data were obtained for W. racemosa, but the diameter distribution
        of this species was consistent with an all‐aged population structure. The temporal
        distribution of releases in tree ring sequences suggested a history of chronic patchy
        disturbance during at least the last 400 years. Ring width sequences were consistent with
        species differences in growth histories. About half (53%) of N. menziesii &gt;20 cm dbh
        appeared to have reached the canopy in one growth spurt, compared to only 11% of P.
        ferruginea. Many trees of the latter species showed multiple episodes of release and
        suppression, indicating successive responses to several gap events before reaching the
        canopy. D. cupressinum growth histories were intermediate between these two extremes.
        Nearest neighbor age relationships also indicated species differences in regeneration
        patterns. Neighboring individuals of N. menziesii ≥10 cm dbh were, on average, significantly
        more similar in age than random pairs drawn from the age data pool under a bootstrap null
        model. This pattern is consistent with regeneration of N. menziesii in small, even‐aged
        patches, in response to treefall gaps. In contrast, age differences between nearest neighbor
        pairs of P. ferruginea and D. cupressinum trees did not deviate significantly from the null
        model of randomly selected ages, suggesting that establishment and survival were not closely
        linked to gap formation. Maximum radial growth rates of N. menziesii saplings were nearly
        2.5 times those of D. cupressinum and P. ferruginea. Fast growth of N. menziesii beneath
        treefall gaps may compensate for the greater shade tolerance of P. ferruginea, in
        particular. D. cupressinum, although apparently outperformed by one or another of its
        competitors in both shade and treefall gaps, has a longer life‐span than any of the other
        species. Thus, relatively low recruitment rates may be sufficient to maintain its present
        abundance. Fewer data were available for W. racemosa, but its ability to reproduce
        vegetatively may be an important factor in its persistence in competition with the other
        dominants. Under a disturbance regime dominated by treefall gaps, coexistence of the four
        dominants appears to be associated with complementary differences in growth rate, shade
        tolerance, canopy residence time, and facility for vegetative reproduction. Our results
        serve to emphasize that understanding plant species coexistence may require attention to
        interspecific differences in both juvenile and adult life history
        characteristics.</marc:subfield>
      </marc:datafield>
      <marc:datafield tag="592" ind1=" " ind2=" ">
         <marc:subfield code="a">Publisher supplied data</marc:subfield>
      </marc:datafield>
      <marc:datafield tag="650" ind1=" " ind2="3">
         <marc:subfield code="a">Dacrydium cupressinum</marc:subfield>
      </marc:datafield>
      <marc:datafield tag="650" ind1=" " ind2="3">
         <marc:subfield code="a">plant ecology</marc:subfield>
      </marc:datafield>
      <marc:datafield tag="650" ind1=" " ind2="3">
         <marc:subfield code="a">population structure</marc:subfield>
      </marc:datafield>
      <marc:datafield tag="650" ind1=" " ind2="3">
         <marc:subfield code="a">Nothofagus menziesii</marc:subfield>
      </marc:datafield>
      <marc:datafield tag="651" ind1=" " ind2="3">
         <marc:subfield code="a">New Zealand</marc:subfield>
      </marc:datafield>
      <marc:datafield tag="653" ind1=" " ind2="0">
         <marc:subfield code="a">tree life history</marc:subfield>
      </marc:datafield>
      <marc:datafield tag="653" ind1=" " ind2="0">
         <marc:subfield code="a">Podocarpaceae</marc:subfield>
      </marc:datafield>
      <marc:datafield tag="653" ind1=" " ind2="0">
         <marc:subfield code="a">prumnopitys ferruginea</marc:subfield>
      </marc:datafield>
      <marc:datafield tag="653" ind1=" " ind2="0">
         <marc:subfield code="a">weinmannia racemosa</marc:subfield>
      </marc:datafield>
      <marc:datafield tag="700" ind1="1" ind2=" ">
         <marc:subfield code="a">Smith, Benjamin</marc:subfield>
         <marc:subfield code="e">author</marc:subfield>
      </marc:datafield>
      <marc:datafield tag="773" ind1="0" ind2=" ">
         <marc:subfield code="t">Ecology.</marc:subfield>
         <marc:subfield code="g">1998 Apr., v. 79, no. 3 p.795-806</marc:subfield>
         <marc:subfield code="d">Ecological Society of America</marc:subfield>
         <marc:subfield code="x">0012-9658</marc:subfield>
         <marc:subfield code="7">nnas</marc:subfield>
      </marc:datafield>
      <marc:datafield tag="787" ind1="1" ind2=" ">
         <marc:subfield code="o">islandora_article_repository</marc:subfield>
      </marc:datafield>
      <marc:datafield tag="787" ind1="1" ind2=" ">
         <marc:subfield code="o">(Journal)jnl46164</marc:subfield>
      </marc:datafield>
      <marc:datafield tag="852" ind1=" " ind2=" ">
         <marc:subfield code="a">DNAL</marc:subfield>
      </marc:datafield>
      <marc:datafield tag="856" ind1="4" ind2="0">
         <marc:subfield code="u">http://dx.doi.org/10.1890/0012-9658(1998)079%5B0795:LHDATS%5D2.0.CO;2</marc:subfield>
         <marc:subfield code="3">Available from publisher's Web site</marc:subfield>
      </marc:datafield>
      <marc:datafield tag="912" ind1=" " ind2=" ">
         <marc:subfield code="a">Article</marc:subfield>
      </marc:datafield>
      <marc:datafield tag="914" ind1=" " ind2=" ">
         <marc:subfield code="a">Journal:jnl46164</marc:subfield>
      </marc:datafield>
      <marc:datafield tag="914" ind1=" " ind2=" ">
         <marc:subfield code="f">Ecology</marc:subfield>
      </marc:datafield>
      <marc:datafield tag="917" ind1=" " ind2=" ">
         <marc:subfield code="a">reindex</marc:subfield>
      </marc:datafield>
      <marc:datafield tag="918" ind1="2" ind2=" ">
         <marc:subfield code="a">John Wiley &amp; Sons, Inc</marc:subfield>
         <marc:subfield code="e">provider</marc:subfield>
         <marc:subfield code="5">DNAL</marc:subfield>
      </marc:datafield>
      <marc:datafield tag="930" ind1=" " ind2=" ">
         <marc:subfield code="a">19980801</marc:subfield>
         <marc:subfield code="b">19980807</marc:subfield>
         <marc:subfield code="c">00000000</marc:subfield>
      </marc:datafield>
      <marc:datafield tag="935" ind1=" " ind2=" ">
         <marc:subfield code="a">IND21243082</marc:subfield>
         <marc:subfield code="9">ExL</marc:subfield>
      </marc:datafield>
      <marc:datafield tag="945" ind1=" " ind2=" ">
         <marc:subfield code="a">IND</marc:subfield>
         <marc:subfield code="d">RE1</marc:subfield>
      </marc:datafield>
      <marc:datafield tag="946" ind1=" " ind2=" ">
         <marc:subfield code="a">Other US</marc:subfield>
      </marc:datafield>
      <marc:datafield tag="952" ind1=" " ind2=" ">
         <marc:subfield code="a">19980801 19980807 00000000</marc:subfield>
         <marc:subfield code="b">IND RE1 </marc:subfield>
         <marc:subfield code="c">Minimum level record</marc:subfield>
      </marc:datafield>
      <marc:datafield tag="953" ind1=" " ind2=" ">
         <marc:subfield code="a">00129658_1998_79_3.xml</marc:subfield>
      </marc:datafield>
      <marc:datafield tag="962" ind1=" " ind2=" ">
         <marc:subfield code="a">Original article title in upper case</marc:subfield>
      </marc:datafield>
      <marc:datafield tag="974" ind1=" " ind2=" ">
         <marc:subfield code="a">agid:1942638</marc:subfield>
      </marc:datafield>
      <marc:datafield tag="979" ind1=" " ind2=" ">
         <marc:subfield code="a">Failed schema validation</marc:subfield>
      </marc:datafield>
      <marc:datafield tag="984" ind1=" " ind2=" ">
         <marc:subfield code="a">2016-04-25</marc:subfield>
      </marc:datafield>
      <marc:datafield tag="985" ind1=" " ind2=" ">
         <marc:subfield code="a">Converted from MARCXML to MODS version 3.4 using MARC21slim2MODS3-4.xsl
        (Revision 1.95 2014/04/23)</marc:subfield>
      </marc:datafield>
      <marc:datafield tag="986" ind1=" " ind2=" ">
         <marc:subfield code="a">3294388</marc:subfield>
      </marc:datafield>
   </marc:record>