
   <marc:record>
      <marc:leader>04492nab a2200517 u 4500</marc:leader>
      <marc:controlfield tag="001">9915639510407426</marc:controlfield>
      <marc:controlfield tag="005">20221119124445.0</marc:controlfield>
      <marc:controlfield tag="008">990325e199812 dcu|||||o|||||||||||eng||</marc:controlfield>
      <marc:datafield tag="016" ind1="7" ind2=" ">
         <marc:subfield code="a">IND21977649</marc:subfield>
         <marc:subfield code="2">DNAL</marc:subfield>
      </marc:datafield>
      <marc:datafield tag="024" ind1="7" ind2=" ">
         <marc:subfield code="a">10.1890/0012-9658(1998)079[2624:IOLSCV]2.0.CO;2</marc:subfield>
         <marc:subfield code="2">doi</marc:subfield>
      </marc:datafield>
      <marc:datafield tag="035" ind1=" " ind2=" ">
         <marc:subfield code="a">agid:1942695-01nal_inst</marc:subfield>
      </marc:datafield>
      <marc:datafield tag="040" ind1=" " ind2=" ">
         <marc:subfield code="a">AGL</marc:subfield>
         <marc:subfield code="b">eng</marc:subfield>
         <marc:subfield code="c">AGL</marc:subfield>
      </marc:datafield>
      <marc:datafield tag="100" ind1="1" ind2=" ">
         <marc:subfield code="a">Villalba, Ricardo</marc:subfield>
         <marc:subfield code="e">author</marc:subfield>
         <marc:subfield code="u"> Departamento de Dendrocronología e Historia Ambiental, IANIGLA-CONICET,
        C.C. 330, 5500 Mendoza, Argentina</marc:subfield>
      </marc:datafield>
      <marc:datafield tag="245" ind1="1" ind2="0">
         <marc:subfield code="a">INFLUENCES OF LARGE‐SCALE CLIMATIC VARIABILITY ON EPISODIC TREE MORTALITY
        IN NORTHERN PATAGONIA</marc:subfield>
      </marc:datafield>
      <marc:datafield tag="300" ind1=" " ind2=" ">
         <marc:subfield code="a">p. 2624-2640.</marc:subfield>
      </marc:datafield>
      <marc:datafield tag="520" ind1=" " ind2=" ">
         <marc:subfield code="a">In the context of potential global warming, it is critical that ecologists
        bridge the typically local spatial scale of ecology to the regional scale of climatology by
        linking ecosystem responses to variations in the large‐scale synoptic controls of regional
        climates. In northern Patagonia, Argentina, we related regional‐scale tree mortality events
        over the past ∼100 years to annual and decadal‐scale climatic variations associated with
        changes in the major synoptic climatic controls of the southeastern Pacific region,
        including the El Niño–Southern Oscillation (ENSO). In nine stands of Austrocedrus chilensis
        a xeric conifer, we used dendrochronological techniques to date the outermost tree ring on
        dead‐standing and fallen trees to estimate the dates of tree death for 336 trees. To
        evaluate climatic conditions during periods of high tree mortality, we used regional records
        of precipitation and temperature from six climate stations and also used a regional set of
        24 tree ring chronologies from Austrocedrus. Good preservation of the resinous wood of
        Austrocedrus allowed relatively precise dating of tree deaths over the past ∼90 years.
        Episodes of massive tree mortality coincide with exceptionally dry springs and summers
        during the 1910s, 1942–1943, and the 1950s. Although there is a general regional
        synchroneity of tree death associated with drought, intra‐regional variations in the
        intensity of droughts, as interpolated and mapped from the regional network of tree ring
        chronologies, are also reflected by north‐to‐south variations in tree mortality patterns.
        Periods of drought and associated tree mortality during the 20th century in northern
        Patagonia are strongly associated with above average sea level atmospheric pressure off the
        coast of Chile at the same latitudes. Temperature and precipitation in northern Patagonia
        are highly influenced by the intensity and latitudinal position of the southeastern Pacific
        anticyclone, which, in turn, are greatly affected by ENSO. Tree mortality in northern
        Patagonia appears to be intensified by extreme events of the Southern Oscillation and is
        more strongly coincident with El Niño events along the coast of northern Peru. These
        results, in combination with previously established climatic influences on fire occurrence
        and tree seedling establishment, strongly link stand‐level and regional‐scale forest dynamic
        processes in northern Patagonia with variations in large‐scale atmospheric
        conditions.</marc:subfield>
      </marc:datafield>
      <marc:datafield tag="592" ind1=" " ind2=" ">
         <marc:subfield code="a">Publisher supplied data</marc:subfield>
      </marc:datafield>
      <marc:datafield tag="650" ind1=" " ind2="3">
         <marc:subfield code="a">Libocedrus chilensis</marc:subfield>
      </marc:datafield>
      <marc:datafield tag="650" ind1=" " ind2="3">
         <marc:subfield code="a">climate change</marc:subfield>
      </marc:datafield>
      <marc:datafield tag="650" ind1=" " ind2="3">
         <marc:subfield code="a">mortality</marc:subfield>
      </marc:datafield>
      <marc:datafield tag="650" ind1=" " ind2="3">
         <marc:subfield code="a">growth rings</marc:subfield>
      </marc:datafield>
      <marc:datafield tag="650" ind1=" " ind2="3">
         <marc:subfield code="a">dendrochronology</marc:subfield>
      </marc:datafield>
      <marc:datafield tag="651" ind1=" " ind2="3">
         <marc:subfield code="a">Argentina</marc:subfield>
      </marc:datafield>
      <marc:datafield tag="700" ind1="1" ind2=" ">
         <marc:subfield code="a">Veblen, Thomas T.</marc:subfield>
         <marc:subfield code="e">author</marc:subfield>
      </marc:datafield>
      <marc:datafield tag="773" ind1="0" ind2=" ">
         <marc:subfield code="t">Ecology.</marc:subfield>
         <marc:subfield code="g">1998 Dec., v. 79, no. 8 p.2624-2640</marc:subfield>
         <marc:subfield code="d">Ecological Society of America</marc:subfield>
         <marc:subfield code="x">0012-9658</marc:subfield>
         <marc:subfield code="7">nnas</marc:subfield>
      </marc:datafield>
      <marc:datafield tag="787" ind1="1" ind2=" ">
         <marc:subfield code="o">islandora_article_repository</marc:subfield>
      </marc:datafield>
      <marc:datafield tag="787" ind1="1" ind2=" ">
         <marc:subfield code="o">(Journal)jnl46164</marc:subfield>
      </marc:datafield>
      <marc:datafield tag="852" ind1=" " ind2=" ">
         <marc:subfield code="a">DNAL</marc:subfield>
      </marc:datafield>
      <marc:datafield tag="856" ind1="4" ind2="0">
         <marc:subfield code="u">http://dx.doi.org/10.1890/0012-9658(1998)079%5B2624:IOLSCV%5D2.0.CO;2</marc:subfield>
         <marc:subfield code="3">Available from publisher's Web site</marc:subfield>
      </marc:datafield>
      <marc:datafield tag="912" ind1=" " ind2=" ">
         <marc:subfield code="a">Article</marc:subfield>
      </marc:datafield>
      <marc:datafield tag="914" ind1=" " ind2=" ">
         <marc:subfield code="a">Journal:jnl46164</marc:subfield>
      </marc:datafield>
      <marc:datafield tag="914" ind1=" " ind2=" ">
         <marc:subfield code="f">Ecology</marc:subfield>
      </marc:datafield>
      <marc:datafield tag="917" ind1=" " ind2=" ">
         <marc:subfield code="a">reindex</marc:subfield>
      </marc:datafield>
      <marc:datafield tag="918" ind1="2" ind2=" ">
         <marc:subfield code="a">John Wiley &amp; Sons, Inc</marc:subfield>
         <marc:subfield code="e">provider</marc:subfield>
         <marc:subfield code="5">DNAL</marc:subfield>
      </marc:datafield>
      <marc:datafield tag="930" ind1=" " ind2=" ">
         <marc:subfield code="a">19990405</marc:subfield>
         <marc:subfield code="b">19990413</marc:subfield>
         <marc:subfield code="c">00000000</marc:subfield>
      </marc:datafield>
      <marc:datafield tag="935" ind1=" " ind2=" ">
         <marc:subfield code="a">IND21977649</marc:subfield>
         <marc:subfield code="9">ExL</marc:subfield>
      </marc:datafield>
      <marc:datafield tag="945" ind1=" " ind2=" ">
         <marc:subfield code="a">IND</marc:subfield>
         <marc:subfield code="d">RE1</marc:subfield>
      </marc:datafield>
      <marc:datafield tag="946" ind1=" " ind2=" ">
         <marc:subfield code="a">Other US</marc:subfield>
      </marc:datafield>
      <marc:datafield tag="952" ind1=" " ind2=" ">
         <marc:subfield code="a">19990405 19990413 00000000</marc:subfield>
         <marc:subfield code="b">IND RE1 </marc:subfield>
         <marc:subfield code="c">Minimum level record</marc:subfield>
      </marc:datafield>
      <marc:datafield tag="953" ind1=" " ind2=" ">
         <marc:subfield code="a">00129658_1998_79_8.xml</marc:subfield>
      </marc:datafield>
      <marc:datafield tag="962" ind1=" " ind2=" ">
         <marc:subfield code="a">Original article title in upper case</marc:subfield>
      </marc:datafield>
      <marc:datafield tag="974" ind1=" " ind2=" ">
         <marc:subfield code="a">agid:1942695</marc:subfield>
      </marc:datafield>
      <marc:datafield tag="979" ind1=" " ind2=" ">
         <marc:subfield code="a">Failed schema validation</marc:subfield>
      </marc:datafield>
      <marc:datafield tag="984" ind1=" " ind2=" ">
         <marc:subfield code="a">2016-04-25</marc:subfield>
      </marc:datafield>
      <marc:datafield tag="985" ind1=" " ind2=" ">
         <marc:subfield code="a">Converted from MARCXML to MODS version 3.4 using MARC21slim2MODS3-4.xsl
        (Revision 1.95 2014/04/23)</marc:subfield>
      </marc:datafield>
      <marc:datafield tag="986" ind1=" " ind2=" ">
         <marc:subfield code="a">3336863</marc:subfield>
      </marc:datafield>
   </marc:record>