
   <marc:record>
      <marc:leader>15145nab a2201513 u 4500</marc:leader>
      <marc:controlfield tag="001">9915640224807426</marc:controlfield>
      <marc:controlfield tag="005">20221119131515.0</marc:controlfield>
      <marc:controlfield tag="008">180102e201612 xx |||||o|||||||||||eng||</marc:controlfield>
      <marc:datafield tag="016" ind1="7" ind2=" ">
         <marc:subfield code="a">IND605878043</marc:subfield>
         <marc:subfield code="2">DNAL</marc:subfield>
      </marc:datafield>
      <marc:datafield tag="024" ind1="7" ind2=" ">
         <marc:subfield code="a">10.1111/gcb.13315</marc:subfield>
         <marc:subfield code="2">doi</marc:subfield>
      </marc:datafield>
      <marc:datafield tag="024" ind1="7" ind2=" ">
         <marc:subfield code="a">PMC6849555</marc:subfield>
         <marc:subfield code="2">pmcid</marc:subfield>
      </marc:datafield>
      <marc:datafield tag="024" ind1="7" ind2=" ">
         <marc:subfield code="a">27082541</marc:subfield>
         <marc:subfield code="2">pmid</marc:subfield>
      </marc:datafield>
      <marc:datafield tag="035" ind1=" " ind2=" ">
         <marc:subfield code="a">agid:5878043-01nal_inst</marc:subfield>
      </marc:datafield>
      <marc:datafield tag="040" ind1=" " ind2=" ">
         <marc:subfield code="a">AGL</marc:subfield>
         <marc:subfield code="b">eng</marc:subfield>
         <marc:subfield code="c">AGL</marc:subfield>
      </marc:datafield>
      <marc:datafield tag="100" ind1="1" ind2=" ">
         <marc:subfield code="a">Johnson, Michelle O.</marc:subfield>
         <marc:subfield code="e">author</marc:subfield>
         <marc:subfield code="u">School of Geography, University of Leeds, Leeds, LS6 2QT, UK</marc:subfield>
      </marc:datafield>
      <marc:datafield tag="245" ind1="1" ind2="0">
         <marc:subfield code="a">Variation in stem mortality rates determines patterns of above‐ground
        biomass in Amazonian forests: implications for dynamic global vegetation models</marc:subfield>
      </marc:datafield>
      <marc:datafield tag="300" ind1=" " ind2=" ">
         <marc:subfield code="a">p. 3996-4013.</marc:subfield>
      </marc:datafield>
      <marc:datafield tag="500" ind1=" " ind2=" ">
         <marc:subfield code="a">JOURNAL ARTICLE</marc:subfield>
      </marc:datafield>
      <marc:datafield tag="506" ind1=" " ind2=" ">
         <marc:subfield code="a">Resource is Open Access</marc:subfield>
         <marc:subfield code="u">http://purl.org/eprint/accessRights/OpenAccess</marc:subfield>
         <marc:subfield code="f">Unrestricted online access</marc:subfield>
         <marc:subfield code="2">star</marc:subfield>
      </marc:datafield>
      <marc:datafield tag="520" ind1=" " ind2=" ">
         <marc:subfield code="a">Understanding the processes that determine above‐ground biomass (AGB) in
        Amazonian forests is important for predicting the sensitivity of these ecosystems to
        environmental change and for designing and evaluating dynamic global vegetation models
        (DGVMs). AGB is determined by inputs from woody productivity [woody net primary productivity
        (NPP)] and the rate at which carbon is lost through tree mortality. Here, we test whether
        two direct metrics of tree mortality (the absolute rate of woody biomass loss and the rate
        of stem mortality) and/or woody NPP, control variation in AGB among 167 plots in intact
        forest across Amazonia. We then compare these relationships and the observed variation in
        AGB and woody NPP with the predictions of four DGVMs. The observations show that stem
        mortality rates, rather than absolute rates of woody biomass loss, are the most important
        predictor of AGB, which is consistent with the importance of stand size structure for
        determining spatial variation in AGB. The relationship between stem mortality rates and AGB
        varies among different regions of Amazonia, indicating that variation in wood density and
        height/diameter relationships also influences AGB. In contrast to previous findings, we find
        that woody NPP is not correlated with stem mortality rates and is weakly positively
        correlated with AGB. Across the four models, basin‐wide average AGB is similar to the mean
        of the observations. However, the models consistently overestimate woody NPP and poorly
        represent the spatial patterns of both AGB and woody NPP estimated using plot data. In
        marked contrast to the observations, DGVMs typically show strong positive relationships
        between woody NPP and AGB. Resolving these differences will require incorporating forest
        size structure, mechanistic models of stem mortality and variation in functional composition
        in DGVMs.</marc:subfield>
      </marc:datafield>
      <marc:datafield tag="592" ind1=" " ind2=" ">
         <marc:subfield code="a">Publisher supplied data</marc:subfield>
      </marc:datafield>
      <marc:datafield tag="593" ind1=" " ind2=" ">
         <marc:subfield code="a">PubAg article</marc:subfield>
      </marc:datafield>
      <marc:datafield tag="650" ind1=" " ind2="3">
         <marc:subfield code="a">aboveground biomass</marc:subfield>
      </marc:datafield>
      <marc:datafield tag="650" ind1=" " ind2="3">
         <marc:subfield code="a">carbon</marc:subfield>
      </marc:datafield>
      <marc:datafield tag="650" ind1=" " ind2="3">
         <marc:subfield code="a">correlation</marc:subfield>
      </marc:datafield>
      <marc:datafield tag="650" ind1=" " ind2="3">
         <marc:subfield code="a">ecosystems</marc:subfield>
      </marc:datafield>
      <marc:datafield tag="650" ind1=" " ind2="3">
         <marc:subfield code="a">forests</marc:subfield>
      </marc:datafield>
      <marc:datafield tag="650" ind1=" " ind2="3">
         <marc:subfield code="a">mechanistic models</marc:subfield>
      </marc:datafield>
      <marc:datafield tag="650" ind1=" " ind2="3">
         <marc:subfield code="a">mortality</marc:subfield>
      </marc:datafield>
      <marc:datafield tag="650" ind1=" " ind2="3">
         <marc:subfield code="a">prediction</marc:subfield>
      </marc:datafield>
      <marc:datafield tag="650" ind1=" " ind2="3">
         <marc:subfield code="a">primary productivity</marc:subfield>
      </marc:datafield>
      <marc:datafield tag="650" ind1=" " ind2="3">
         <marc:subfield code="a">tree mortality</marc:subfield>
      </marc:datafield>
      <marc:datafield tag="650" ind1=" " ind2="3">
         <marc:subfield code="a">wood density</marc:subfield>
      </marc:datafield>
      <marc:datafield tag="651" ind1=" " ind2="3">
         <marc:subfield code="a">Amazonia</marc:subfield>
      </marc:datafield>
      <marc:datafield tag="700" ind1="1" ind2=" ">
         <marc:subfield code="a">Galbraith, David</marc:subfield>
         <marc:subfield code="e">author</marc:subfield>
         <marc:subfield code="u">School of Geography, University of Leeds, Leeds, LS6 2QT, UK</marc:subfield>
      </marc:datafield>
      <marc:datafield tag="700" ind1="1" ind2=" ">
         <marc:subfield code="a">Gloor, Manuel</marc:subfield>
         <marc:subfield code="e">author</marc:subfield>
         <marc:subfield code="u">School of Geography, University of Leeds, Leeds, LS6 2QT, UK</marc:subfield>
      </marc:datafield>
      <marc:datafield tag="700" ind1="1" ind2=" ">
         <marc:subfield code="a">De Deurwaerder, Hannes</marc:subfield>
         <marc:subfield code="e">author</marc:subfield>
         <marc:subfield code="u">CAVElab Computational &amp; Applied Vegetation Ecology, Faculty of
        Bioscience Engineering, Ghent University, Coupure Links 653, B‐9000, Gent,
        Belgium</marc:subfield>
      </marc:datafield>
      <marc:datafield tag="700" ind1="1" ind2=" ">
         <marc:subfield code="a">Guimberteau, Matthieu</marc:subfield>
         <marc:subfield code="e">author</marc:subfield>
      </marc:datafield>
      <marc:datafield tag="700" ind1="1" ind2=" ">
         <marc:subfield code="a">Rammig, Anja</marc:subfield>
         <marc:subfield code="e">author</marc:subfield>
      </marc:datafield>
      <marc:datafield tag="700" ind1="1" ind2=" ">
         <marc:subfield code="a">Thonicke, Kirsten</marc:subfield>
         <marc:subfield code="e">author</marc:subfield>
         <marc:subfield code="u">Potsdam Institute for Climate Impact Research (PIK), Telegrafenberg A62, PO
        Box 60 12 03, D‐14412, Potsdam, Germany</marc:subfield>
      </marc:datafield>
      <marc:datafield tag="700" ind1="1" ind2=" ">
         <marc:subfield code="a">Verbeeck, Hans</marc:subfield>
         <marc:subfield code="e">author</marc:subfield>
         <marc:subfield code="u">CAVElab Computational &amp; Applied Vegetation Ecology, Faculty of
        Bioscience Engineering, Ghent University, Coupure Links 653, B‐9000, Gent,
        Belgium</marc:subfield>
      </marc:datafield>
      <marc:datafield tag="700" ind1="1" ind2=" ">
         <marc:subfield code="a">von Randow, Celso</marc:subfield>
         <marc:subfield code="e">author</marc:subfield>
         <marc:subfield code="u">INPE, Av. Dos Astronautas, 1.758, Jd. Granja, CEP: 12227‐010, Sao Jose dos
        Campos, SP, Brazil</marc:subfield>
      </marc:datafield>
      <marc:datafield tag="700" ind1="1" ind2=" ">
         <marc:subfield code="a">Monteagudo, Abel</marc:subfield>
         <marc:subfield code="e">author</marc:subfield>
         <marc:subfield code="u">Jardín Botánico de Missouri, Prolongacion Bolognesi Mz.e, Lote 6, Oxapampa,
        Pasco, Peru</marc:subfield>
      </marc:datafield>
      <marc:datafield tag="700" ind1="1" ind2=" ">
         <marc:subfield code="a">Phillips, Oliver L.</marc:subfield>
         <marc:subfield code="e">author</marc:subfield>
         <marc:subfield code="u">School of Geography, University of Leeds, Leeds, LS6 2QT, UK</marc:subfield>
      </marc:datafield>
      <marc:datafield tag="700" ind1="1" ind2=" ">
         <marc:subfield code="a">Brienen, Roel J. W.</marc:subfield>
         <marc:subfield code="e">author</marc:subfield>
         <marc:subfield code="u">School of Geography, University of Leeds, Leeds, LS6 2QT, UK</marc:subfield>
      </marc:datafield>
      <marc:datafield tag="700" ind1="1" ind2=" ">
         <marc:subfield code="a">Feldpausch, Ted R.</marc:subfield>
         <marc:subfield code="e">author</marc:subfield>
         <marc:subfield code="u">Geography, College of Life and Environmental Sciences, University of
        Exeter, Rennes Drive, Exeter, EX4 4RJ, UK</marc:subfield>
      </marc:datafield>
      <marc:datafield tag="700" ind1="1" ind2=" ">
         <marc:subfield code="a">Lopez Gonzalez, Gabriela</marc:subfield>
         <marc:subfield code="e">author</marc:subfield>
         <marc:subfield code="u">School of Geography, University of Leeds, Leeds, LS6 2QT, UK</marc:subfield>
      </marc:datafield>
      <marc:datafield tag="700" ind1="1" ind2=" ">
         <marc:subfield code="a">Fauset, Sophie</marc:subfield>
         <marc:subfield code="e">author</marc:subfield>
         <marc:subfield code="u">School of Geography, University of Leeds, Leeds, LS6 2QT, UK</marc:subfield>
      </marc:datafield>
      <marc:datafield tag="700" ind1="1" ind2=" ">
         <marc:subfield code="a">Quesada, Carlos A.</marc:subfield>
         <marc:subfield code="e">author</marc:subfield>
         <marc:subfield code="u">INPA, Av. André Araújo, 2.936, CEP 69067‐375, Petrópolis, Manaus, AM,
        Brazil</marc:subfield>
      </marc:datafield>
      <marc:datafield tag="700" ind1="1" ind2=" ">
         <marc:subfield code="a">Christoffersen, Bradley</marc:subfield>
         <marc:subfield code="e">author</marc:subfield>
      </marc:datafield>
      <marc:datafield tag="700" ind1="1" ind2=" ">
         <marc:subfield code="a">Ciais, Philippe</marc:subfield>
         <marc:subfield code="e">author</marc:subfield>
         <marc:subfield code="u">Laboratoire des Sciences du Climat et de l'Environnement, LSCE/IPSL,
        CEA‐CNRS‐UVSQ, Université Paris‐Saclay, F‐91191, Gif‐sur‐Yvette, France</marc:subfield>
      </marc:datafield>
      <marc:datafield tag="700" ind1="1" ind2=" ">
         <marc:subfield code="a">Sampaio, Gilvan</marc:subfield>
         <marc:subfield code="e">author</marc:subfield>
         <marc:subfield code="u">INPE, Av. Dos Astronautas, 1.758, Jd. Granja, CEP: 12227‐010, Sao Jose dos
        Campos, SP, Brazil</marc:subfield>
      </marc:datafield>
      <marc:datafield tag="700" ind1="1" ind2=" ">
         <marc:subfield code="a">Kruijt, Bart</marc:subfield>
         <marc:subfield code="e">author</marc:subfield>
         <marc:subfield code="u">ALTERRA, Wageningen‐UR, PO Box 47, 6700 AA, Wageningen, The
        Netherlands</marc:subfield>
      </marc:datafield>
      <marc:datafield tag="700" ind1="1" ind2=" ">
         <marc:subfield code="a">Meir, Patrick</marc:subfield>
         <marc:subfield code="e">author</marc:subfield>
      </marc:datafield>
      <marc:datafield tag="700" ind1="1" ind2=" ">
         <marc:subfield code="a">Moorcroft, Paul</marc:subfield>
         <marc:subfield code="e">author</marc:subfield>
         <marc:subfield code="u">Department of Organismic and Evolutionary Biology, Harvard University, 26
        Oxford Street, Cambridge, MA, 02138, USA</marc:subfield>
      </marc:datafield>
      <marc:datafield tag="700" ind1="1" ind2=" ">
         <marc:subfield code="a">Zhang, Ke</marc:subfield>
         <marc:subfield code="e">author</marc:subfield>
         <marc:subfield code="u">Cooperative Institute for Mesoscale Meteorological Studies, University of
        Oklahoma, National Weather Center, Suite 2100, 120 David L. Boren Blvd, Norman, OK, 73072,
        USA</marc:subfield>
      </marc:datafield>
      <marc:datafield tag="700" ind1="1" ind2=" ">
         <marc:subfield code="a">Alvarez‐Davila, Esteban</marc:subfield>
         <marc:subfield code="e">author</marc:subfield>
         <marc:subfield code="u">Fundación Con‐Vida, Cr68 A 46 A‐77 Medellín, Medellín, Colombia</marc:subfield>
      </marc:datafield>
      <marc:datafield tag="700" ind1="1" ind2=" ">
         <marc:subfield code="a">Alves de Oliveira, Atila</marc:subfield>
         <marc:subfield code="e">author</marc:subfield>
         <marc:subfield code="u">INPA, Av. André Araújo, 2.936, CEP 69067‐375, Petrópolis, Manaus, AM,
        Brazil</marc:subfield>
      </marc:datafield>
      <marc:datafield tag="700" ind1="1" ind2=" ">
         <marc:subfield code="a">Amaral, Ieda</marc:subfield>
         <marc:subfield code="e">author</marc:subfield>
         <marc:subfield code="u">INPA, Av. André Araújo, 2.936, CEP 69067‐375, Petrópolis, Manaus, AM,
        Brazil</marc:subfield>
      </marc:datafield>
      <marc:datafield tag="700" ind1="1" ind2=" ">
         <marc:subfield code="a">Andrade, Ana</marc:subfield>
         <marc:subfield code="e">author</marc:subfield>
         <marc:subfield code="u">INPA, Av. André Araújo, 2.936, CEP 69067‐375, Petrópolis, Manaus, AM,
        Brazil</marc:subfield>
      </marc:datafield>
      <marc:datafield tag="700" ind1="1" ind2=" ">
         <marc:subfield code="a">Aragao, Luiz E. O. C.</marc:subfield>
         <marc:subfield code="e">author</marc:subfield>
         <marc:subfield code="u">Jardín Botánico de Missouri, Prolongacion Bolognesi Mz.e, Lote 6, Oxapampa,
        Pasco, Peru</marc:subfield>
      </marc:datafield>
      <marc:datafield tag="700" ind1="1" ind2=" ">
         <marc:subfield code="a">Araujo‐Murakami, Alejandro</marc:subfield>
         <marc:subfield code="e">author</marc:subfield>
         <marc:subfield code="u">Museo de Historia Natural Noel Kempff Mercado, Universidad Autonoma Gabriel
        Rene Moreno, Casilla 2489, Av. Irala 565, Santa Cruz, Bolivia</marc:subfield>
      </marc:datafield>
      <marc:datafield tag="700" ind1="1" ind2=" ">
         <marc:subfield code="a">Arets, Eric J. M. M.</marc:subfield>
         <marc:subfield code="e">author</marc:subfield>
         <marc:subfield code="u">ALTERRA, Wageningen‐UR, PO Box 47, 6700 AA, Wageningen, The
        Netherlands</marc:subfield>
      </marc:datafield>
      <marc:datafield tag="700" ind1="1" ind2=" ">
         <marc:subfield code="a">Arroyo, Luzmila</marc:subfield>
         <marc:subfield code="e">author</marc:subfield>
         <marc:subfield code="u">Museo de Historia Natural Noel Kempff Mercado, Universidad Autonoma Gabriel
        Rene Moreno, Casilla 2489, Av. Irala 565, Santa Cruz, Bolivia</marc:subfield>
      </marc:datafield>
      <marc:datafield tag="700" ind1="1" ind2=" ">
         <marc:subfield code="a">Aymard, Gerardo A.</marc:subfield>
         <marc:subfield code="e">author</marc:subfield>
         <marc:subfield code="u">UNELLEZ‐Guanare, Programa de Ciencias del Agro y el Mar, Herbario
        Universitario (PORT), Mesa de Cavacas, Estado Portuguesa, 3350, Venezuela</marc:subfield>
      </marc:datafield>
      <marc:datafield tag="700" ind1="1" ind2=" ">
         <marc:subfield code="a">Baraloto, Christopher</marc:subfield>
         <marc:subfield code="e">author</marc:subfield>
         <marc:subfield code="u">Department of Biological Sciences, International Center for Tropical Botany
        (ICTB), Florida International University, 112200 SW 8th Street, OE 167, Miami, FL, 33199,
        USA</marc:subfield>
      </marc:datafield>
      <marc:datafield tag="700" ind1="1" ind2=" ">
         <marc:subfield code="a">Barroso, Jocely</marc:subfield>
         <marc:subfield code="e">author</marc:subfield>
         <marc:subfield code="u">Universidade Federal do Acre, Campus de Cruzeiro do Sul, Rio Branco,
        Brazil</marc:subfield>
      </marc:datafield>
      <marc:datafield tag="700" ind1="1" ind2=" ">
         <marc:subfield code="a">Bonal, Damien</marc:subfield>
         <marc:subfield code="e">author</marc:subfield>
         <marc:subfield code="u">INRA, UMR 1137 “Ecologie et Ecophysiologie Forestiere”, 54280, Champenoux,
        France</marc:subfield>
      </marc:datafield>
      <marc:datafield tag="700" ind1="1" ind2=" ">
         <marc:subfield code="a">Boot, Rene</marc:subfield>
         <marc:subfield code="e">author</marc:subfield>
         <marc:subfield code="u">Tropenbos International, PO Box 232, 6700 AE, Wageningen, The
        Netherlands</marc:subfield>
      </marc:datafield>
      <marc:datafield tag="700" ind1="1" ind2=" ">
         <marc:subfield code="a">Camargo, Jose</marc:subfield>
         <marc:subfield code="e">author</marc:subfield>
         <marc:subfield code="u">INPA, Av. André Araújo, 2.936, CEP 69067‐375, Petrópolis, Manaus, AM,
        Brazil</marc:subfield>
      </marc:datafield>
      <marc:datafield tag="700" ind1="1" ind2=" ">
         <marc:subfield code="a">Chave, Jerome</marc:subfield>
         <marc:subfield code="e">author</marc:subfield>
         <marc:subfield code="u">Université Paul Sabatier CNRS, UMR 5174 Evolution et Diversité Biologique,
        bâtiment 4R1, 31062, Toulouse, France</marc:subfield>
      </marc:datafield>
      <marc:datafield tag="700" ind1="1" ind2=" ">
         <marc:subfield code="a">Cogollo, Alvaro</marc:subfield>
         <marc:subfield code="e">author</marc:subfield>
         <marc:subfield code="u">Jardín Botánico de Medellín Joaquín Antonio Uribe, Calle 73 # 51 D 14
        Medellín, Cartagena, Colombia</marc:subfield>
      </marc:datafield>
      <marc:datafield tag="700" ind1="1" ind2=" ">
         <marc:subfield code="a">Cornejo Valverde, Fernando</marc:subfield>
         <marc:subfield code="e">author</marc:subfield>
         <marc:subfield code="u">Andes to Amazon Biodiversity Program, Puerto Maldonado, Madre de Dios,
        Perú</marc:subfield>
      </marc:datafield>
      <marc:datafield tag="700" ind1="1" ind2=" ">
         <marc:subfield code="a">Lola da Costa, Antonio C.</marc:subfield>
         <marc:subfield code="e">author</marc:subfield>
         <marc:subfield code="u">Centro de Geociencias, Universidade Federal do Para, CEP 66017‐970, Belem,
        Para, Brazil</marc:subfield>
      </marc:datafield>
      <marc:datafield tag="700" ind1="1" ind2=" ">
         <marc:subfield code="a">Di Fiore, Anthony</marc:subfield>
         <marc:subfield code="e">author</marc:subfield>
         <marc:subfield code="u">Department of Anthropology, University of Texas at Austin, SAC Room 5.150,
        2201 Speedway Stop C3200, Austin, TX, 78712, USA</marc:subfield>
      </marc:datafield>
      <marc:datafield tag="700" ind1="1" ind2=" ">
         <marc:subfield code="a">Ferreira, Leandro</marc:subfield>
         <marc:subfield code="e">author</marc:subfield>
         <marc:subfield code="u">Museu Paraense Emilio Goeldi, Av. Magalhães Barata, 376 ‐ São Braz, CEP:
        66040‐170, Belém, PA, Brazil</marc:subfield>
      </marc:datafield>
      <marc:datafield tag="700" ind1="1" ind2=" ">
         <marc:subfield code="a">Higuchi, Niro</marc:subfield>
         <marc:subfield code="e">author</marc:subfield>
         <marc:subfield code="u">INPA, Av. André Araújo, 2.936, CEP 69067‐375, Petrópolis, Manaus, AM,
        Brazil</marc:subfield>
      </marc:datafield>
      <marc:datafield tag="700" ind1="1" ind2=" ">
         <marc:subfield code="a">Honorio, Euridice N.</marc:subfield>
         <marc:subfield code="e">author</marc:subfield>
         <marc:subfield code="u">Instituto de Investigaciones de la Amazonía Peruana, Av. José Quiñones km
        2.5, Iquitos, Perú</marc:subfield>
      </marc:datafield>
      <marc:datafield tag="700" ind1="1" ind2=" ">
         <marc:subfield code="a">Killeen, Tim J.</marc:subfield>
         <marc:subfield code="e">author</marc:subfield>
         <marc:subfield code="u">World Wildlife Fund, 1250 24th St NW, Washington, DC, 20037, USA</marc:subfield>
      </marc:datafield>
      <marc:datafield tag="700" ind1="1" ind2=" ">
         <marc:subfield code="a">Laurance, Susan G.</marc:subfield>
         <marc:subfield code="e">author</marc:subfield>
         <marc:subfield code="u">Centre for Tropical Environmental and Sustainability Science (TESS) and
        College of Marine and Environmental Sciences, James Cook University, Cairns, Qld, 4878,
        Australia</marc:subfield>
      </marc:datafield>
      <marc:datafield tag="700" ind1="1" ind2=" ">
         <marc:subfield code="a">Laurance, William F.</marc:subfield>
         <marc:subfield code="e">author</marc:subfield>
         <marc:subfield code="u">Centre for Tropical Environmental and Sustainability Science (TESS) and
        College of Marine and Environmental Sciences, James Cook University, Cairns, Qld, 4878,
        Australia</marc:subfield>
      </marc:datafield>
      <marc:datafield tag="700" ind1="1" ind2=" ">
         <marc:subfield code="a">Licona, Juan</marc:subfield>
         <marc:subfield code="e">author</marc:subfield>
         <marc:subfield code="u">Instituto Boliviano de Investigación Forestal, C.P. 6201, Santa Cruz de la
        Sierra, Bolivia</marc:subfield>
      </marc:datafield>
      <marc:datafield tag="700" ind1="1" ind2=" ">
         <marc:subfield code="a">Lovejoy, Thomas</marc:subfield>
         <marc:subfield code="e">author</marc:subfield>
         <marc:subfield code="u">Environmental Science and Policy Department and the Department of Public
        and International Affairs at George Mason University (GMU), 3351 Fairfax Drive, Arlington,
        Washington, DC, VA 22201, USA</marc:subfield>
      </marc:datafield>
      <marc:datafield tag="700" ind1="1" ind2=" ">
         <marc:subfield code="a">Malhi, Yadvinder</marc:subfield>
         <marc:subfield code="e">author</marc:subfield>
         <marc:subfield code="u">Environmental Change Institute, School of Geography and the Environment,
        University of Oxford, South Parks Road, Oxford, OX1 3QY, UK</marc:subfield>
      </marc:datafield>
      <marc:datafield tag="700" ind1="1" ind2=" ">
         <marc:subfield code="a">Marimon, Bia</marc:subfield>
         <marc:subfield code="e">author</marc:subfield>
         <marc:subfield code="u">Universidade do Estado de Mato Grosso, Campus de Nova Xavantina, Caixa
        Postal 08, CEP 78.690‐000, Nova Xavantina, MT, Brazil</marc:subfield>
      </marc:datafield>
      <marc:datafield tag="700" ind1="1" ind2=" ">
         <marc:subfield code="a">Marimon, Ben Hur, Junior</marc:subfield>
         <marc:subfield code="c">Junior</marc:subfield>
         <marc:subfield code="e">author</marc:subfield>
         <marc:subfield code="u">Universidade do Estado de Mato Grosso, Campus de Nova Xavantina, Caixa
        Postal 08, CEP 78.690‐000, Nova Xavantina, MT, Brazil</marc:subfield>
      </marc:datafield>
      <marc:datafield tag="700" ind1="1" ind2=" ">
         <marc:subfield code="a">Matos, Darley C. L.</marc:subfield>
         <marc:subfield code="e">author</marc:subfield>
         <marc:subfield code="u">Museu Paraense Emilio Goeldi, Av. Magalhães Barata, 376 ‐ São Braz, CEP:
        66040‐170, Belém, PA, Brazil</marc:subfield>
      </marc:datafield>
      <marc:datafield tag="700" ind1="1" ind2=" ">
         <marc:subfield code="a">Mendoza, Casimiro</marc:subfield>
         <marc:subfield code="e">author</marc:subfield>
         <marc:subfield code="u">Escuela de Ciencias Forestales (ESFOR), Av. Final Atahuallpa s/n, Casilla
        447, Cochabamba, Bolivia</marc:subfield>
      </marc:datafield>
      <marc:datafield tag="700" ind1="1" ind2=" ">
         <marc:subfield code="a">Neill, David A.</marc:subfield>
         <marc:subfield code="e">author</marc:subfield>
         <marc:subfield code="u">Facultad de Ingeniería Ambiental, Universidad Estatal Amazónica, Paso
        lateral km 2 1/2 via Napo, Puyo, Pastaza, Ecuador</marc:subfield>
      </marc:datafield>
      <marc:datafield tag="700" ind1="1" ind2=" ">
         <marc:subfield code="a">Pardo, Guido</marc:subfield>
         <marc:subfield code="e">author</marc:subfield>
         <marc:subfield code="u">Universidad Autonoma del Beni, Campus Universitario, Av. Ejército Nacional,
        final, Riberalta, Beni, Bolivia</marc:subfield>
      </marc:datafield>
      <marc:datafield tag="700" ind1="1" ind2=" ">
         <marc:subfield code="a">Peña‐Claros, Marielos</marc:subfield>
         <marc:subfield code="e">author</marc:subfield>
      </marc:datafield>
      <marc:datafield tag="700" ind1="1" ind2=" ">
         <marc:subfield code="a">Pitman, Nigel C. A.</marc:subfield>
         <marc:subfield code="e">author</marc:subfield>
         <marc:subfield code="u">Center for Tropical Conservation, Duke University, Box 90381, Durham, NC,
        27708, USA</marc:subfield>
      </marc:datafield>
      <marc:datafield tag="700" ind1="1" ind2=" ">
         <marc:subfield code="a">Poorter, Lourens</marc:subfield>
         <marc:subfield code="e">author</marc:subfield>
         <marc:subfield code="u">Forest Ecology and Forest Management Group, Wageningen University, PO
        Box 47, Wageningen, 6700 AA, The Netherlands</marc:subfield>
      </marc:datafield>
      <marc:datafield tag="700" ind1="1" ind2=" ">
         <marc:subfield code="a">Prieto, Adriana</marc:subfield>
         <marc:subfield code="e">author</marc:subfield>
         <marc:subfield code="u">Doctorado Instituto de Ciencias Naturales, Universidad Nacional de
        Colombia, Bogotá, Colombia</marc:subfield>
      </marc:datafield>
      <marc:datafield tag="700" ind1="1" ind2=" ">
         <marc:subfield code="a">Ramirez‐Angulo, Hirma</marc:subfield>
         <marc:subfield code="e">author</marc:subfield>
         <marc:subfield code="u">Instituto de Investigaciones para el Desarrollo Forestal, Universidad de
        Los Andes, Avenida Principal Chorros de Milla, Campus Universitario Forestal, Edificio
        Principal, Mérida, Venezuela</marc:subfield>
      </marc:datafield>
      <marc:datafield tag="700" ind1="1" ind2=" ">
         <marc:subfield code="a">Roopsind, Anand</marc:subfield>
         <marc:subfield code="e">author</marc:subfield>
         <marc:subfield code="u">Iwokrama International Centre for Rainforest Conservation and Development,
        77 High Street Kingston, Georgetown, Guyana</marc:subfield>
      </marc:datafield>
      <marc:datafield tag="700" ind1="1" ind2=" ">
         <marc:subfield code="a">Rudas, Agustin</marc:subfield>
         <marc:subfield code="e">author</marc:subfield>
         <marc:subfield code="u">Doctorado Instituto de Ciencias Naturales, Universidad Nacional de
        Colombia, Bogotá, Colombia</marc:subfield>
      </marc:datafield>
      <marc:datafield tag="700" ind1="1" ind2=" ">
         <marc:subfield code="a">Salomao, Rafael P.</marc:subfield>
         <marc:subfield code="e">author</marc:subfield>
         <marc:subfield code="u">Museu Paraense Emilio Goeldi, Av. Magalhães Barata, 376 ‐ São Braz, CEP:
        66040‐170, Belém, PA, Brazil</marc:subfield>
      </marc:datafield>
      <marc:datafield tag="700" ind1="1" ind2=" ">
         <marc:subfield code="a">Silveira, Marcos</marc:subfield>
         <marc:subfield code="e">author</marc:subfield>
         <marc:subfield code="u">Museu Universitário, Universidade Federal do Acre, Rio Branco, AC,
        69910‐900, Brazil</marc:subfield>
      </marc:datafield>
      <marc:datafield tag="700" ind1="1" ind2=" ">
         <marc:subfield code="a">Stropp, Juliana</marc:subfield>
         <marc:subfield code="e">author</marc:subfield>
         <marc:subfield code="u">Institute of Biological and Health Sciences, Federal University of Alagoas,
        Av. Lourival Melo Mota s/n, Tabuleiro do Martins, Maceió, AL 57072‐900, Brazil</marc:subfield>
      </marc:datafield>
      <marc:datafield tag="700" ind1="1" ind2=" ">
         <marc:subfield code="a">ter Steege, Hans</marc:subfield>
         <marc:subfield code="e">author</marc:subfield>
         <marc:subfield code="u">Naturalis Biodiversity Center, PO Box 9517, 2300 RA, Leiden, The
        Netherlands</marc:subfield>
      </marc:datafield>
      <marc:datafield tag="700" ind1="1" ind2=" ">
         <marc:subfield code="a">Terborgh, John</marc:subfield>
         <marc:subfield code="e">author</marc:subfield>
         <marc:subfield code="u">Center for Tropical Conservation, Duke University, Box 90381, Durham, NC,
        27708, USA</marc:subfield>
      </marc:datafield>
      <marc:datafield tag="700" ind1="1" ind2=" ">
         <marc:subfield code="a">Thomas, Raquel</marc:subfield>
         <marc:subfield code="e">author</marc:subfield>
         <marc:subfield code="u">Iwokrama International Centre for Rainforest Conservation and Development,
        77 High Street Kingston, Georgetown, Guyana</marc:subfield>
      </marc:datafield>
      <marc:datafield tag="700" ind1="1" ind2=" ">
         <marc:subfield code="a">Toledo, Marisol</marc:subfield>
         <marc:subfield code="e">author</marc:subfield>
         <marc:subfield code="u">Instituto Boliviano de Investigación Forestal, C.P. 6201, Santa Cruz de la
        Sierra, Bolivia</marc:subfield>
      </marc:datafield>
      <marc:datafield tag="700" ind1="1" ind2=" ">
         <marc:subfield code="a">Torres‐Lezama, Armando</marc:subfield>
         <marc:subfield code="e">author</marc:subfield>
         <marc:subfield code="u">Instituto de Investigaciones para el Desarrollo Forestal, Universidad de
        Los Andes, Avenida Principal Chorros de Milla, Campus Universitario Forestal, Edificio
        Principal, Mérida, Venezuela</marc:subfield>
      </marc:datafield>
      <marc:datafield tag="700" ind1="1" ind2=" ">
         <marc:subfield code="a">van der Heijden, Geertje M. F.</marc:subfield>
         <marc:subfield code="e">author</marc:subfield>
         <marc:subfield code="u">School of Geography, University of Nottingham, Nottingham, NG7 2RD,
        UK</marc:subfield>
      </marc:datafield>
      <marc:datafield tag="700" ind1="1" ind2=" ">
         <marc:subfield code="a">Vasquez, Rodolfo</marc:subfield>
         <marc:subfield code="e">author</marc:subfield>
         <marc:subfield code="u">Geography, College of Life and Environmental Sciences, University of
        Exeter, Rennes Drive, Exeter, EX4 4RJ, UK</marc:subfield>
      </marc:datafield>
      <marc:datafield tag="700" ind1="1" ind2=" ">
         <marc:subfield code="a">Guimarães Vieira, Ima Cèlia</marc:subfield>
         <marc:subfield code="e">author</marc:subfield>
         <marc:subfield code="u">Museu Paraense Emilio Goeldi, Av. Magalhães Barata, 376 ‐ São Braz, CEP:
        66040‐170, Belém, PA, Brazil</marc:subfield>
      </marc:datafield>
      <marc:datafield tag="700" ind1="1" ind2=" ">
         <marc:subfield code="a">Vilanova, Emilio</marc:subfield>
         <marc:subfield code="e">author</marc:subfield>
         <marc:subfield code="u">Instituto de Investigaciones para el Desarrollo Forestal, Universidad de
        Los Andes, Avenida Principal Chorros de Milla, Campus Universitario Forestal, Edificio
        Principal, Mérida, Venezuela</marc:subfield>
      </marc:datafield>
      <marc:datafield tag="700" ind1="1" ind2=" ">
         <marc:subfield code="a">Vos, Vincent A.</marc:subfield>
         <marc:subfield code="e">author</marc:subfield>
      </marc:datafield>
      <marc:datafield tag="700" ind1="1" ind2=" ">
         <marc:subfield code="a">Baker, Timothy R.</marc:subfield>
         <marc:subfield code="e">author</marc:subfield>
         <marc:subfield code="u">School of Geography, University of Leeds, Leeds, LS6 2QT, UK</marc:subfield>
      </marc:datafield>
      <marc:datafield tag="773" ind1="0" ind2=" ">
         <marc:subfield code="t">Global change biology.</marc:subfield>
         <marc:subfield code="g">2016 Dec., v. 22, no. 12 p.3996-4013</marc:subfield>
         <marc:subfield code="d">John Wiley &amp; Sons, Ltd</marc:subfield>
         <marc:subfield code="w">Journal:jnl57021</marc:subfield>
         <marc:subfield code="x">1354-1013</marc:subfield>
         <marc:subfield code="7">nnas</marc:subfield>
      </marc:datafield>
      <marc:datafield tag="787" ind1="1" ind2=" ">
         <marc:subfield code="o">islandora_article_repository</marc:subfield>
      </marc:datafield>
      <marc:datafield tag="787" ind1="1" ind2=" ">
         <marc:subfield code="o">product_pubag</marc:subfield>
      </marc:datafield>
      <marc:datafield tag="787" ind1="1" ind2=" ">
         <marc:subfield code="o">(Journal)jnl57021</marc:subfield>
      </marc:datafield>
      <marc:datafield tag="856" ind1="4" ind2="0">
         <marc:subfield code="u">http://dx.doi.org/10.1111/gcb.13315</marc:subfield>
         <marc:subfield code="3">Available from publisher's site</marc:subfield>
      </marc:datafield>
      <marc:datafield tag="912" ind1=" " ind2=" ">
         <marc:subfield code="a">Article</marc:subfield>
      </marc:datafield>
      <marc:datafield tag="914" ind1=" " ind2=" ">
         <marc:subfield code="a">Journal:jnl57021</marc:subfield>
         <marc:subfield code="b">1354-1013</marc:subfield>
         <marc:subfield code="c">22</marc:subfield>
         <marc:subfield code="d">12</marc:subfield>
         <marc:subfield code="e">3996</marc:subfield>
      </marc:datafield>
      <marc:datafield tag="914" ind1=" " ind2=" ">
         <marc:subfield code="f">Global change biology</marc:subfield>
      </marc:datafield>
      <marc:datafield tag="916" ind1=" " ind2=" ">
         <marc:subfield code="a">Batch:1908</marc:subfield>
      </marc:datafield>
      <marc:datafield tag="917" ind1=" " ind2=" ">
         <marc:subfield code="a">issued</marc:subfield>
      </marc:datafield>
      <marc:datafield tag="918" ind1="2" ind2=" ">
         <marc:subfield code="a">John Wiley &amp; Sons, Inc</marc:subfield>
         <marc:subfield code="e">provider</marc:subfield>
         <marc:subfield code="5">DNAL</marc:subfield>
      </marc:datafield>
      <marc:datafield tag="935" ind1=" " ind2=" ">
         <marc:subfield code="a">IND605878043</marc:subfield>
         <marc:subfield code="9">ExL</marc:subfield>
      </marc:datafield>
      <marc:datafield tag="949" ind1=" " ind2=" ">
         <marc:subfield code="a">2020-05-15</marc:subfield>
      </marc:datafield>
      <marc:datafield tag="953" ind1=" " ind2=" ">
         <marc:subfield code="a">13541013_2016_22_12.xml</marc:subfield>
      </marc:datafield>
      <marc:datafield tag="962" ind1=" " ind2=" ">
         <marc:subfield code="a">Batch:1908 reviewed on 2018-03-09T13:00:02Z</marc:subfield>
      </marc:datafield>
      <marc:datafield tag="974" ind1=" " ind2=" ">
         <marc:subfield code="a">agid:5878043</marc:subfield>
      </marc:datafield>
      <marc:datafield tag="983" ind1=" " ind2=" ">
         <marc:subfield code="a">2018-01-02</marc:subfield>
      </marc:datafield>
      <marc:datafield tag="984" ind1=" " ind2=" ">
         <marc:subfield code="a">2018-03-09</marc:subfield>
      </marc:datafield>
   </marc:record>