
   <marc:record>
      <marc:leader>05460nab a2200721 u 4500</marc:leader>
      <marc:controlfield tag="001">9915640504307426</marc:controlfield>
      <marc:controlfield tag="005">20221119131711.0</marc:controlfield>
      <marc:controlfield tag="008">060302e200602 xx |||||o|||||||||||eng||</marc:controlfield>
      <marc:datafield tag="016" ind1="7" ind2=" ">
         <marc:subfield code="a">IND43783689</marc:subfield>
         <marc:subfield code="2">DNAL</marc:subfield>
      </marc:datafield>
      <marc:datafield tag="024" ind1="7" ind2=" ">
         <marc:subfield code="a">10.1111/j.1365-2486.2005.01084.x</marc:subfield>
         <marc:subfield code="2">doi</marc:subfield>
      </marc:datafield>
      <marc:datafield tag="035" ind1=" " ind2=" ">
         <marc:subfield code="a">agid:681431-01nal_inst</marc:subfield>
      </marc:datafield>
      <marc:datafield tag="040" ind1=" " ind2=" ">
         <marc:subfield code="a">AGL</marc:subfield>
         <marc:subfield code="b">eng</marc:subfield>
         <marc:subfield code="c">AGL</marc:subfield>
      </marc:datafield>
      <marc:datafield tag="072" ind1=" " ind2="0">
         <marc:subfield code="a"> J500 </marc:subfield>
      </marc:datafield>
      <marc:datafield tag="072" ind1=" " ind2="0">
         <marc:subfield code="a"> K001 </marc:subfield>
      </marc:datafield>
      <marc:datafield tag="072" ind1=" " ind2="0">
         <marc:subfield code="a"> M500 </marc:subfield>
      </marc:datafield>
      <marc:datafield tag="072" ind1=" " ind2="0">
         <marc:subfield code="a"> F300 </marc:subfield>
      </marc:datafield>
      <marc:datafield tag="100" ind1="1" ind2=" ">
         <marc:subfield code="a">Christopher, Sheila F.</marc:subfield>
      </marc:datafield>
      <marc:datafield tag="245" ind1="1" ind2="0">
         <marc:subfield code="a">Contrasting stream water NO₃[superscript [-]] and Ca[superscript 2[+]] in
        two nearly adjacent catchments: the role of soil Ca and forest vegetation</marc:subfield>
      </marc:datafield>
      <marc:datafield tag="300" ind1=" " ind2=" ">
         <marc:subfield code="a">p. 364-381.</marc:subfield>
      </marc:datafield>
      <marc:datafield tag="500" ind1=" " ind2=" ">
         <marc:subfield code="a">Includes references</marc:subfield>
      </marc:datafield>
      <marc:datafield tag="520" ind1=" " ind2=" ">
         <marc:subfield code="a">Two nearly adjacent subcatchments, located in the Adirondack Mountains of
        New York State, US, with similar atmospheric inputs of N (0.6 kmol ha[superscript [-]1]
        yr[superscript [-]1]), but markedly different stream water solute concentrations, provided a
        unique opportunity to evaluate the mechanisms causing this variation. Subcatchment 14 (S14)
        had much greater stream water Ca[superscript 2[+]] and NO₃[superscript [-]] concentrations
        (851 and 73 [mu]mol[subscript c] L[superscript [-]1], respectively) than Subcatchment 15
        (S15) (427 and 26 [mu]mol[subscript c] L[superscript [-]1], respectively). To elucidate
        factors affecting the variability in stream water concentrations, soil and forest floor
        samples from each subcatchment were analyzed for total elemental cations and extractable N
        species. Mineral soil samples were also analyzed for exchangeable cations. Tree species
        composition was characterized in each subcatchment and potential differences in land use
        history and hydrology were also assessed. Compared with S15, soils in S14 had significantly
        higher total elemental Ca[superscript 2[+]] in the forest floor (380 vs. 84 [mu]mol
        g[superscript [-]1]), Bs horizon (e.g. 1361 vs. 576 [mu]mol g[superscript [-]1]) and C
        horizon (1340 vs. 717 [mu]mol g[superscript [-]1]). Exchangeable Ca[superscript 2[+]] was
        also significantly higher in the mineral soil (64 [mu]mol g[superscript [-]1] in S14 vs. 8
        [mu]mol g[superscript [-]1] in S15). Extractable NO₃[superscript [-]] was higher in S14
        compared with S15 in both the forest floor (0.1 vs. 0.01 [mu]mol g[superscript [-]1]) and Bs
        horizon (0.2 vs. 0.07 [mu]mol g[superscript [-]1]) while extractable NH₄[superscript [+]]
        was higher in S14 vs. S15 in the forest floor (7 vs. 5 [mu]mol g[superscript [-]1]). The
        total basal area of 'base-rich indicator' tree species (e.g. sugar maple, American basswood,
        eastern hophornbeam) was significantly greater in S14 compared with S15, which had species
        characteristic of sites with lower base concentrations (e.g. American beech and eastern
        white pine). The disparity in stream water Ca[superscript 2[+]] and NO₃[superscript [-]],
        concentrations and fluxes between S14 and S15 were explained by differences in tree species
        composition and soil properties rather than differences in land use or hydrology. The marked
        difference in soil Ca[superscript 2[+]] concentrations in S14 vs. S15 corresponded to the
        higher stream water Ca[superscript 2[+]] and the larger contribution of base-rich tree
        species to the overstory biomass in S14. Soil under such species is associated with higher
        net mineralization and nitrification and likely contributed to the higher NO₃[superscript
        [-]] concentrations in the drainage waters of S14 vs. S15. Studies investigating differences
        in spatial and temporal patterns of the effects of chronic N deposition on surface water
        chemistry need to account for changes in tree species composition and how vegetation
        composition is influenced by soil properties, as well as climatic and biotic
        changes.</marc:subfield>
      </marc:datafield>
      <marc:datafield tag="593" ind1=" " ind2=" ">
         <marc:subfield code="a">PubAg article</marc:subfield>
      </marc:datafield>
      <marc:datafield tag="650" ind1=" " ind2="3">
         <marc:subfield code="a">forested watersheds</marc:subfield>
      </marc:datafield>
      <marc:datafield tag="650" ind1=" " ind2="3">
         <marc:subfield code="a">streams</marc:subfield>
      </marc:datafield>
      <marc:datafield tag="650" ind1=" " ind2="3">
         <marc:subfield code="a">hydrochemistry</marc:subfield>
      </marc:datafield>
      <marc:datafield tag="650" ind1=" " ind2="3">
         <marc:subfield code="a">nitrate nitrogen</marc:subfield>
      </marc:datafield>
      <marc:datafield tag="650" ind1=" " ind2="3">
         <marc:subfield code="a">calcium</marc:subfield>
      </marc:datafield>
      <marc:datafield tag="650" ind1=" " ind2="3">
         <marc:subfield code="a">losses from soil</marc:subfield>
      </marc:datafield>
      <marc:datafield tag="650" ind1=" " ind2="3">
         <marc:subfield code="a">soil fertility</marc:subfield>
      </marc:datafield>
      <marc:datafield tag="650" ind1=" " ind2="3">
         <marc:subfield code="a">forest soils</marc:subfield>
      </marc:datafield>
      <marc:datafield tag="650" ind1=" " ind2="3">
         <marc:subfield code="a">spatial variation</marc:subfield>
      </marc:datafield>
      <marc:datafield tag="650" ind1=" " ind2="3">
         <marc:subfield code="a">forest trees</marc:subfield>
      </marc:datafield>
      <marc:datafield tag="650" ind1=" " ind2="3">
         <marc:subfield code="a">forests</marc:subfield>
      </marc:datafield>
      <marc:datafield tag="650" ind1=" " ind2="3">
         <marc:subfield code="a">botanical composition</marc:subfield>
      </marc:datafield>
      <marc:datafield tag="650" ind1=" " ind2="3">
         <marc:subfield code="a">exchangeable calcium</marc:subfield>
      </marc:datafield>
      <marc:datafield tag="650" ind1=" " ind2="3">
         <marc:subfield code="a">stand composition</marc:subfield>
      </marc:datafield>
      <marc:datafield tag="650" ind1=" " ind2="3">
         <marc:subfield code="a">ammonium nitrogen</marc:subfield>
      </marc:datafield>
      <marc:datafield tag="650" ind1=" " ind2="3">
         <marc:subfield code="a">mineral soils</marc:subfield>
      </marc:datafield>
      <marc:datafield tag="651" ind1=" " ind2="3">
         <marc:subfield code="a">New York</marc:subfield>
      </marc:datafield>
      <marc:datafield tag="700" ind1="1" ind2=" ">
         <marc:subfield code="a">Page, Blair D.</marc:subfield>
      </marc:datafield>
      <marc:datafield tag="700" ind1="1" ind2=" ">
         <marc:subfield code="a">Campbell, John L.</marc:subfield>
      </marc:datafield>
      <marc:datafield tag="700" ind1="1" ind2=" ">
         <marc:subfield code="a">Mitchell, Myron J.</marc:subfield>
      </marc:datafield>
      <marc:datafield tag="773" ind1="0" ind2=" ">
         <marc:subfield code="t">Global change biology.</marc:subfield>
         <marc:subfield code="g">2006 Feb., v. 12, no. 2 p.364-381</marc:subfield>
         <marc:subfield code="d">Blackwell Science Ltd</marc:subfield>
         <marc:subfield code="w">Journal:jnl57021</marc:subfield>
         <marc:subfield code="x">1354-1013</marc:subfield>
         <marc:subfield code="7">nnas</marc:subfield>
      </marc:datafield>
      <marc:datafield tag="787" ind1="1" ind2=" ">
         <marc:subfield code="o">islandora_article_repository</marc:subfield>
      </marc:datafield>
      <marc:datafield tag="787" ind1="1" ind2=" ">
         <marc:subfield code="o">product_pubag</marc:subfield>
      </marc:datafield>
      <marc:datafield tag="787" ind1="1" ind2=" ">
         <marc:subfield code="o">(Journal)jnl57021</marc:subfield>
      </marc:datafield>
      <marc:datafield tag="852" ind1=" " ind2=" ">
         <marc:subfield code="a">DNAL</marc:subfield>
      </marc:datafield>
      <marc:datafield tag="856" ind1="4" ind2="0">
         <marc:subfield code="u">http://dx.doi.org/10.1111/j.1365-2486.2005.01084.x</marc:subfield>
         <marc:subfield code="3">electronic resource</marc:subfield>
      </marc:datafield>
      <marc:datafield tag="856" ind1="4" ind2="0">
         <marc:subfield code="u">http://dx.doi.org/10.1111/j.1365-2486.2005.01084.x</marc:subfield>
      </marc:datafield>
      <marc:datafield tag="912" ind1=" " ind2=" ">
         <marc:subfield code="a">Article</marc:subfield>
      </marc:datafield>
      <marc:datafield tag="914" ind1=" " ind2=" ">
         <marc:subfield code="a">Journal:jnl57021</marc:subfield>
         <marc:subfield code="b">1354-1013</marc:subfield>
         <marc:subfield code="c">12</marc:subfield>
         <marc:subfield code="d">2</marc:subfield>
         <marc:subfield code="e">364</marc:subfield>
      </marc:datafield>
      <marc:datafield tag="914" ind1=" " ind2=" ">
         <marc:subfield code="f">Global change biology</marc:subfield>
      </marc:datafield>
      <marc:datafield tag="917" ind1=" " ind2=" ">
         <marc:subfield code="a">issued</marc:subfield>
      </marc:datafield>
      <marc:datafield tag="930" ind1=" " ind2=" ">
         <marc:subfield code="a">20060420</marc:subfield>
         <marc:subfield code="b">20060529</marc:subfield>
         <marc:subfield code="c">00000000</marc:subfield>
      </marc:datafield>
      <marc:datafield tag="935" ind1=" " ind2=" ">
         <marc:subfield code="a">IND43783689</marc:subfield>
         <marc:subfield code="9">ExL</marc:subfield>
      </marc:datafield>
      <marc:datafield tag="945" ind1=" " ind2=" ">
         <marc:subfield code="a">IND</marc:subfield>
         <marc:subfield code="d">RHF</marc:subfield>
         <marc:subfield code="e">2006/04/20</marc:subfield>
      </marc:datafield>
      <marc:datafield tag="946" ind1=" " ind2=" ">
         <marc:subfield code="a">Non-US</marc:subfield>
      </marc:datafield>
      <marc:datafield tag="949" ind1=" " ind2=" ">
         <marc:subfield code="a">2014-07-17</marc:subfield>
      </marc:datafield>
      <marc:datafield tag="952" ind1=" " ind2=" ">
         <marc:subfield code="a">20060420 20060529 00000000</marc:subfield>
         <marc:subfield code="b">IND RHF 2006/04/20</marc:subfield>
      </marc:datafield>
      <marc:datafield tag="974" ind1=" " ind2=" ">
         <marc:subfield code="a">agid:681431</marc:subfield>
      </marc:datafield>
      <marc:datafield tag="984" ind1=" " ind2=" ">
         <marc:subfield code="a">2018-06-15</marc:subfield>
      </marc:datafield>
      <marc:datafield tag="985" ind1=" " ind2=" ">
         <marc:subfield code="a">Converted from MARCXML to MODS version 3.4 using MARC21slim2MODS3-4.xsl
        (Revision 1.95 2014/04/23)</marc:subfield>
      </marc:datafield>
      <marc:datafield tag="986" ind1=" " ind2=" ">
         <marc:subfield code="a">3783689</marc:subfield>
      </marc:datafield>
   </marc:record>