
   <marc:record>
      <marc:leader>03563nab a2200553 u 4500</marc:leader>
      <marc:controlfield tag="001">9915642329307426</marc:controlfield>
      <marc:controlfield tag="005">20221119142842.0</marc:controlfield>
      <marc:controlfield tag="008">070122e200702 xx |||||o|||||||||||eng||</marc:controlfield>
      <marc:datafield tag="016" ind1="7" ind2=" ">
         <marc:subfield code="a">IND43870657</marc:subfield>
         <marc:subfield code="2">DNAL</marc:subfield>
      </marc:datafield>
      <marc:datafield tag="024" ind1="7" ind2=" ">
         <marc:subfield code="a">10.1111/j.2007.0030-1299.15438.x</marc:subfield>
         <marc:subfield code="2">doi</marc:subfield>
      </marc:datafield>
      <marc:datafield tag="035" ind1=" " ind2=" ">
         <marc:subfield code="a">agid:500589-01nal_inst</marc:subfield>
      </marc:datafield>
      <marc:datafield tag="040" ind1=" " ind2=" ">
         <marc:subfield code="a">AGL</marc:subfield>
         <marc:subfield code="b">eng</marc:subfield>
         <marc:subfield code="c">AGL</marc:subfield>
      </marc:datafield>
      <marc:datafield tag="100" ind1="1" ind2=" ">
         <marc:subfield code="a">Etienne, Rampal S.</marc:subfield>
      </marc:datafield>
      <marc:datafield tag="245" ind1="1" ind2="0">
         <marc:subfield code="a">Modes of speciation and the neutral theory of biodiversity</marc:subfield>
      </marc:datafield>
      <marc:datafield tag="300" ind1=" " ind2=" ">
         <marc:subfield code="a">p. 241-258.</marc:subfield>
      </marc:datafield>
      <marc:datafield tag="500" ind1=" " ind2=" ">
         <marc:subfield code="a">Includes references</marc:subfield>
      </marc:datafield>
      <marc:datafield tag="520" ind1=" " ind2=" ">
         <marc:subfield code="a">Hubbell's neutral theory of biodiversity has generated much debate over the
        need for niches to explain biodiversity patterns. Discussion of the theory has focused on
        its neutrality assumption, i.e. the functional equivalence of species in competition and
        dispersal. Almost no attention has been paid to another critical aspect of the theory, the
        assumptions on the nature of the speciation process. In the standard version of the neutral
        theory each individual has a fixed probability to speciate. Hence, the speciation rate of a
        species is directly proportional to its abundance in the metacommunity. We argue that this
        assumption is not realistic for most speciation modes because speciation is an emergent
        property of complex processes at larger spatial and temporal scales and, consequently,
        speciation rate can either increase or decrease with abundance. Accordingly, the assumption
        that speciation rate is independent of abundance (each species has a fixed probability to
        speciate) is a more natural starting point in a neutral theory of biodiversity. Here we
        present a neutral model based on this assumption and we confront this new model to 20 large
        data sets of tree communities, expecting the new model to fit the data better than Hubbell's
        original model. We find, however, that the data sets are much better fitted by Hubbell's
        original model. This implies that species abundance data can discriminate between different
        modes of speciation, or, stated otherwise, that the mode of speciation has a large impact on
        the species abundance distribution. Our model analysis points out new ways to study how
        biodiversity patterns are shaped by the interplay between evolutionary processes
        (speciation, extinction) and ecological processes (competition, dispersal).</marc:subfield>
      </marc:datafield>
      <marc:datafield tag="593" ind1=" " ind2=" ">
         <marc:subfield code="a">PubAg article</marc:subfield>
      </marc:datafield>
      <marc:datafield tag="650" ind1=" " ind2="3">
         <marc:subfield code="a">biodiversity</marc:subfield>
      </marc:datafield>
      <marc:datafield tag="650" ind1=" " ind2="3">
         <marc:subfield code="a">extinction</marc:subfield>
      </marc:datafield>
      <marc:datafield tag="650" ind1=" " ind2="3">
         <marc:subfield code="a">models</marc:subfield>
      </marc:datafield>
      <marc:datafield tag="650" ind1=" " ind2="3">
         <marc:subfield code="a">niches</marc:subfield>
      </marc:datafield>
      <marc:datafield tag="650" ind1=" " ind2="3">
         <marc:subfield code="a">probability</marc:subfield>
      </marc:datafield>
      <marc:datafield tag="650" ind1=" " ind2="3">
         <marc:subfield code="a">species dispersal</marc:subfield>
      </marc:datafield>
      <marc:datafield tag="650" ind1=" " ind2="3">
         <marc:subfield code="a">trees</marc:subfield>
      </marc:datafield>
      <marc:datafield tag="700" ind1="1" ind2=" ">
         <marc:subfield code="a">Apol, M. Emile F.</marc:subfield>
      </marc:datafield>
      <marc:datafield tag="700" ind1="1" ind2=" ">
         <marc:subfield code="a">Olff, Han</marc:subfield>
      </marc:datafield>
      <marc:datafield tag="700" ind1="1" ind2=" ">
         <marc:subfield code="a">Weissing, Franz J.</marc:subfield>
      </marc:datafield>
      <marc:datafield tag="773" ind1="0" ind2=" ">
         <marc:subfield code="t">Oikos.</marc:subfield>
         <marc:subfield code="g">2007 Feb., v. 116, no. 2 p.241-258</marc:subfield>
         <marc:subfield code="d">Blackwell Publishing Ltd</marc:subfield>
         <marc:subfield code="w">Journal:jnl30362</marc:subfield>
         <marc:subfield code="x">0030-1299</marc:subfield>
         <marc:subfield code="7">nnas</marc:subfield>
      </marc:datafield>
      <marc:datafield tag="787" ind1="1" ind2=" ">
         <marc:subfield code="o">islandora_article_repository</marc:subfield>
      </marc:datafield>
      <marc:datafield tag="787" ind1="1" ind2=" ">
         <marc:subfield code="o">product_pubag</marc:subfield>
      </marc:datafield>
      <marc:datafield tag="787" ind1="1" ind2=" ">
         <marc:subfield code="o">(Journal)jnl30362</marc:subfield>
      </marc:datafield>
      <marc:datafield tag="852" ind1=" " ind2=" ">
         <marc:subfield code="a">DNAL</marc:subfield>
      </marc:datafield>
      <marc:datafield tag="856" ind1="4" ind2="0">
         <marc:subfield code="u">http://dx.doi.org/10.1111/j.2007.0030-1299.15438.x</marc:subfield>
      </marc:datafield>
      <marc:datafield tag="912" ind1=" " ind2=" ">
         <marc:subfield code="a">Article</marc:subfield>
      </marc:datafield>
      <marc:datafield tag="914" ind1=" " ind2=" ">
         <marc:subfield code="a">Journal:jnl30362</marc:subfield>
         <marc:subfield code="b">0030-1299</marc:subfield>
         <marc:subfield code="c">116</marc:subfield>
         <marc:subfield code="d">2</marc:subfield>
         <marc:subfield code="e">241</marc:subfield>
      </marc:datafield>
      <marc:datafield tag="914" ind1=" " ind2=" ">
         <marc:subfield code="f">Oikos</marc:subfield>
      </marc:datafield>
      <marc:datafield tag="917" ind1=" " ind2=" ">
         <marc:subfield code="a">issued</marc:subfield>
      </marc:datafield>
      <marc:datafield tag="935" ind1=" " ind2=" ">
         <marc:subfield code="a">IND43870657</marc:subfield>
         <marc:subfield code="9">ExL</marc:subfield>
      </marc:datafield>
      <marc:datafield tag="949" ind1=" " ind2=" ">
         <marc:subfield code="a">2013-06-20</marc:subfield>
      </marc:datafield>
      <marc:datafield tag="962" ind1=" " ind2=" ">
         <marc:subfield code="a">Journal ISSN is 1600-0706</marc:subfield>
      </marc:datafield>
      <marc:datafield tag="962" ind1=" " ind2=" ">
         <marc:subfield code="a">Journal title changed from 'Oikos, acta oecologica Scandinavica'</marc:subfield>
      </marc:datafield>
      <marc:datafield tag="962" ind1=" " ind2=" ">
         <marc:subfield code="a">Batch:245 annotated on 2013-06-05T07:34:18Z</marc:subfield>
      </marc:datafield>
      <marc:datafield tag="962" ind1=" " ind2=" ">
         <marc:subfield code="a">Batch:245 reviewed on 2013-06-20T17:00:01Z</marc:subfield>
      </marc:datafield>
      <marc:datafield tag="962" ind1=" " ind2=" ">
         <marc:subfield code="a">Batch:245 reviewed on 2013-06-20T18:00:02Z</marc:subfield>
      </marc:datafield>
      <marc:datafield tag="974" ind1=" " ind2=" ">
         <marc:subfield code="a">agid:500589</marc:subfield>
      </marc:datafield>
      <marc:datafield tag="984" ind1=" " ind2=" ">
         <marc:subfield code="a">2018-06-15</marc:subfield>
      </marc:datafield>
      <marc:datafield tag="985" ind1=" " ind2=" ">
         <marc:subfield code="a">Converted from MARCXML to MODS version 3.4 using MARC21slim2MODS3-4.xsl
        (Revision 1.77 2012/03/23)</marc:subfield>
      </marc:datafield>
      <marc:datafield tag="986" ind1=" " ind2=" ">
         <marc:subfield code="a">3870657</marc:subfield>
      </marc:datafield>
   </marc:record>