
   <marc:record>
      <marc:leader>03386nab a2200409 u 4500</marc:leader>
      <marc:controlfield tag="001">9915642395507426</marc:controlfield>
      <marc:controlfield tag="005">20221119142813.0</marc:controlfield>
      <marc:controlfield tag="008">191007e201502 xx |||||o|||||||||||eng||</marc:controlfield>
      <marc:datafield tag="016" ind1="7" ind2=" ">
         <marc:subfield code="a">IND606719751</marc:subfield>
         <marc:subfield code="2">DNAL</marc:subfield>
      </marc:datafield>
      <marc:datafield tag="024" ind1="7" ind2=" ">
         <marc:subfield code="a">10.2136/vzj2014.09.0131</marc:subfield>
         <marc:subfield code="2">doi</marc:subfield>
      </marc:datafield>
      <marc:datafield tag="035" ind1=" " ind2=" ">
         <marc:subfield code="a">agid:6719751-01nal_inst</marc:subfield>
      </marc:datafield>
      <marc:datafield tag="040" ind1=" " ind2=" ">
         <marc:subfield code="a">AGL</marc:subfield>
         <marc:subfield code="b">eng</marc:subfield>
         <marc:subfield code="c">AGL</marc:subfield>
      </marc:datafield>
      <marc:datafield tag="100" ind1="1" ind2=" ">
         <marc:subfield code="a">Fan, Junliang</marc:subfield>
         <marc:subfield code="e">author</marc:subfield>
      </marc:datafield>
      <marc:datafield tag="245" ind1="1" ind2="0">
         <marc:subfield code="a">Modeling Effects of Canopy and Roots on Soil Moisture and Deep
        Drainage</marc:subfield>
      </marc:datafield>
      <marc:datafield tag="500" ind1=" " ind2=" ">
         <marc:subfield code="a">epub</marc:subfield>
      </marc:datafield>
      <marc:datafield tag="520" ind1=" " ind2=" ">
         <marc:subfield code="a">The spatial variability of rainfall at the soil surface and tree roots in a
        coastal sand dune forest was investigated. Various scenario simulations were further
        conducted using calibrated HYDRUS models to assess the effects of these vegetation-related
        variability patterns on soil moisture dynamics and the water balance.Vadose zone soil
        moisture and groundwater recharge in forested ecosystems can be influenced by canopy
        architecture and root systems. Spatial distributions of surface rainfall and tree roots were
        observed at the canopy and intercanopy areas in a coastal sand dune forest of subtropical
        Australia. We further explored the effects of these vegetation-associated spatial patterns
        on the spatiotemporal dynamics of soil moisture and deep drainage in this system using
        calibrated HYDRUS models. Simulated soil moisture and deep drainage were found higher at the
        intercanopy area than the canopy area due to the reinforced effects of rainfall interception
        and root water uptake. Spatial analysis of deep drainage at various locations across the
        canopy–intercanopy transect resulted in an average deep drainage of 1347 mm yr (65% of
        annual gross rainfall), with 68% of total deep drainage occurring at the intercanopy area.
        The scenario analyses indicate that the spatial variability of rainfall at the soil surface
        is not important for the larger scale groundwater balance in our coastal sand dune forest.
        However, deep drainage was underestimated by 130 to 162 mm (9.7–12.0% drop compared with
        baseline scenario) as a consequence of uniform representation of heterogeneous root systems
        in one- or axisymmetric three-dimensional HYDRUS models. Our HYDRUS simulations indicated
        that translating the hydrological effects of the two-dimensional tree structure (rainfall
        redistribution and heterogeneous roots) to a one-dimensional lumped vertical
        conceptualization in coastal sand dune forests needs to be undertaken with
        caution.</marc:subfield>
      </marc:datafield>
      <marc:datafield tag="592" ind1=" " ind2=" ">
         <marc:subfield code="a">Publisher supplied data</marc:subfield>
      </marc:datafield>
      <marc:datafield tag="700" ind1="1" ind2=" ">
         <marc:subfield code="a">Baumgartl, Thomas</marc:subfield>
         <marc:subfield code="e">author</marc:subfield>
      </marc:datafield>
      <marc:datafield tag="700" ind1="1" ind2=" ">
         <marc:subfield code="a">Scheuermann, Alexander</marc:subfield>
         <marc:subfield code="e">author</marc:subfield>
      </marc:datafield>
      <marc:datafield tag="700" ind1="1" ind2=" ">
         <marc:subfield code="a">Lockington, David A.</marc:subfield>
         <marc:subfield code="e">author</marc:subfield>
      </marc:datafield>
      <marc:datafield tag="773" ind1="0" ind2=" ">
         <marc:subfield code="t">Vadose zone journal.</marc:subfield>
         <marc:subfield code="g">2015 Feb., v. 14, no. 2</marc:subfield>
         <marc:subfield code="d">The Soil Science Society of America, Inc.</marc:subfield>
         <marc:subfield code="w">Journal:jnl3674032</marc:subfield>
         <marc:subfield code="x">1539-1663</marc:subfield>
         <marc:subfield code="7">nnas</marc:subfield>
      </marc:datafield>
      <marc:datafield tag="787" ind1="1" ind2=" ">
         <marc:subfield code="o">islandora_article_repository</marc:subfield>
      </marc:datafield>
      <marc:datafield tag="787" ind1="1" ind2=" ">
         <marc:subfield code="o">(Journal)jnl3674032</marc:subfield>
      </marc:datafield>
      <marc:datafield tag="856" ind1="4" ind2="0">
         <marc:subfield code="u">https://dx.doi.org/10.2136/vzj2014.09.0131</marc:subfield>
         <marc:subfield code="3">Available from publisher's site</marc:subfield>
      </marc:datafield>
      <marc:datafield tag="912" ind1=" " ind2=" ">
         <marc:subfield code="a">Article</marc:subfield>
      </marc:datafield>
      <marc:datafield tag="914" ind1=" " ind2=" ">
         <marc:subfield code="a">Journal:jnl3674032</marc:subfield>
         <marc:subfield code="b">1539-1663</marc:subfield>
         <marc:subfield code="c">14</marc:subfield>
         <marc:subfield code="d">2</marc:subfield>
      </marc:datafield>
      <marc:datafield tag="914" ind1=" " ind2=" ">
         <marc:subfield code="f">Vadose zone journal</marc:subfield>
      </marc:datafield>
      <marc:datafield tag="917" ind1=" " ind2=" ">
         <marc:subfield code="a">review</marc:subfield>
      </marc:datafield>
      <marc:datafield tag="918" ind1="2" ind2=" ">
         <marc:subfield code="a">ACSESS</marc:subfield>
         <marc:subfield code="e">provider</marc:subfield>
         <marc:subfield code="5">DNAL</marc:subfield>
      </marc:datafield>
      <marc:datafield tag="935" ind1=" " ind2=" ">
         <marc:subfield code="a">IND606719751</marc:subfield>
         <marc:subfield code="9">ExL</marc:subfield>
      </marc:datafield>
      <marc:datafield tag="953" ind1=" " ind2=" ">
         <marc:subfield code="a">/data/metadata/incoming/acsess/vzj.xml</marc:subfield>
      </marc:datafield>
      <marc:datafield tag="954" ind1=" " ind2=" ">
         <marc:subfield code="a">file:/data/metadata/staging/acsess/vzj.xml</marc:subfield>
      </marc:datafield>
      <marc:datafield tag="955" ind1=" " ind2=" ">
         <marc:subfield code="a">/data/metadata/staging/acsess/</marc:subfield>
      </marc:datafield>
      <marc:datafield tag="974" ind1=" " ind2=" ">
         <marc:subfield code="a">agid:6719751</marc:subfield>
      </marc:datafield>
      <marc:datafield tag="979" ind1=" " ind2=" ">
         <marc:subfield code="a">Article missing pages</marc:subfield>
      </marc:datafield>
      <marc:datafield tag="983" ind1=" " ind2=" ">
         <marc:subfield code="a">2019-10-07</marc:subfield>
      </marc:datafield>
      <marc:datafield tag="984" ind1=" " ind2=" ">
         <marc:subfield code="a">2019-11-26</marc:subfield>
      </marc:datafield>
   </marc:record>