
   <marc:record>
      <marc:leader>03582nab a2200601 u 4500</marc:leader>
      <marc:controlfield tag="001">9915642599307426</marc:controlfield>
      <marc:controlfield tag="005">20221119142701.0</marc:controlfield>
      <marc:controlfield tag="008">151124e201501 xx |||||o|||||||||||eng||</marc:controlfield>
      <marc:datafield tag="016" ind1="7" ind2=" ">
         <marc:subfield code="a">IND602197423</marc:subfield>
         <marc:subfield code="2">DNAL</marc:subfield>
      </marc:datafield>
      <marc:datafield tag="035" ind1=" " ind2=" ">
         <marc:subfield code="a">agid:2197423-01nal_inst</marc:subfield>
      </marc:datafield>
      <marc:datafield tag="040" ind1=" " ind2=" ">
         <marc:subfield code="a">AGL</marc:subfield>
         <marc:subfield code="b">eng</marc:subfield>
         <marc:subfield code="c">AGL</marc:subfield>
      </marc:datafield>
      <marc:datafield tag="100" ind1="1" ind2=" ">
         <marc:subfield code="a">Cottrell, Ted E.</marc:subfield>
         <marc:subfield code="e">author</marc:subfield>
         <marc:subfield code="u">United States Department of Agriculture, Agricultural Research Service,
        Southeastern Fruit &amp; Tree Nut Research Laboratory, 21 Dunbar Rd., Byron, GA
        31008</marc:subfield>
      </marc:datafield>
      <marc:datafield tag="245" ind1="1" ind2="0">
         <marc:subfield code="a">Spatiotemporal Distribution of Chinavia hilaris (Hemiptera: Pentatomidae)
        in Corn Farmscapes</marc:subfield>
      </marc:datafield>
      <marc:datafield tag="300" ind1=" " ind2=" ">
         <marc:subfield code="a">p. 1-10.</marc:subfield>
      </marc:datafield>
      <marc:datafield tag="500" ind1=" " ind2=" ">
         <marc:subfield code="a">2019-12-04</marc:subfield>
      </marc:datafield>
      <marc:datafield tag="520" ind1=" " ind2=" ">
         <marc:subfield code="a">The green stink bug, Chinavia hilaris (Say) (Hemiptera: Pentatomidae), is a
        pest of cotton in the southeastern United States but little is known concerning its
        spatiotemporal distribution in corn cropping systems. Therefore, the spatiotemporal
        distribution of C. hilaris in farmscapes, when corn was adjacent to cotton, peanut, or both,
        was examined weekly. The spatial patterns of C. hilaris counts were analyzed using Spatial
        Analysis by Distance Indices methodology. Interpolated maps of C. hilaris density were used
        to visualize abundance and distribution of C. hilaris in crops in corn-peanut-cotton
        farmscapes. This stink bug was detected in six of seven corn-cotton farmscapes, four of six
        corn-peanut farmscapes, and in both corn-peanut-cotton farmscapes. The frequency of C.
        hilaris in cotton (89.47%) was significantly higher than in peanut (7.02%) or corn (3.51%).
        This stink bug fed on noncrop hosts that grew in field borders adjacent to crops. The
        spatial distribution of C. hilaris in crops and the capture of C. hilaris adults and nymphs
        in pheromone- baited traps near noncrop hosts indicated that these hosts were sources of
        this stink bug dispersing into crops, primarily cotton. Significant aggregated spatial
        distributions were detected in cotton on some dates within corn-peanut-cotton farmscapes.
        Maps of local clustering indices depicted small patches of C. hilaris in cotton or
        cotton-sorghum at the peanut-cotton interface. Factors affecting the spatiotemporal dynamics
        of C. hilaris in corn farmscapes are discussed.</marc:subfield>
      </marc:datafield>
      <marc:datafield tag="592" ind1=" " ind2=" ">
         <marc:subfield code="a">Publisher supplied data</marc:subfield>
      </marc:datafield>
      <marc:datafield tag="650" ind1=" " ind2="3">
         <marc:subfield code="a">cotton</marc:subfield>
      </marc:datafield>
      <marc:datafield tag="650" ind1=" " ind2="3">
         <marc:subfield code="a">peanuts</marc:subfield>
      </marc:datafield>
      <marc:datafield tag="650" ind1=" " ind2="3">
         <marc:subfield code="a">hosts</marc:subfield>
      </marc:datafield>
      <marc:datafield tag="650" ind1=" " ind2="3">
         <marc:subfield code="a">bait traps</marc:subfield>
      </marc:datafield>
      <marc:datafield tag="650" ind1=" " ind2="3">
         <marc:subfield code="a">corn</marc:subfield>
      </marc:datafield>
      <marc:datafield tag="650" ind1=" " ind2="3">
         <marc:subfield code="a">cropping systems</marc:subfield>
      </marc:datafield>
      <marc:datafield tag="650" ind1=" " ind2="3">
         <marc:subfield code="a">Acrosternum hilare</marc:subfield>
      </marc:datafield>
      <marc:datafield tag="650" ind1=" " ind2="3">
         <marc:subfield code="a">pests</marc:subfield>
      </marc:datafield>
      <marc:datafield tag="650" ind1=" " ind2="3">
         <marc:subfield code="a">nymphs</marc:subfield>
      </marc:datafield>
      <marc:datafield tag="650" ind1=" " ind2="3">
         <marc:subfield code="a">adults</marc:subfield>
      </marc:datafield>
      <marc:datafield tag="650" ind1=" " ind2="3">
         <marc:subfield code="a">crops</marc:subfield>
      </marc:datafield>
      <marc:datafield tag="653" ind1=" " ind2="0">
         <marc:subfield code="a">field border</marc:subfield>
      </marc:datafield>
      <marc:datafield tag="653" ind1=" " ind2="0">
         <marc:subfield code="a">Hemiptera</marc:subfield>
      </marc:datafield>
      <marc:datafield tag="653" ind1=" " ind2="0">
         <marc:subfield code="a">noncrop host plant</marc:subfield>
      </marc:datafield>
      <marc:datafield tag="653" ind1=" " ind2="0">
         <marc:subfield code="a">spatial distribution</marc:subfield>
      </marc:datafield>
      <marc:datafield tag="653" ind1=" " ind2="0">
         <marc:subfield code="a">SADIE methodology</marc:subfield>
      </marc:datafield>
      <marc:datafield tag="653" ind1=" " ind2="0">
         <marc:subfield code="a">inverse distance weighting</marc:subfield>
      </marc:datafield>
      <marc:datafield tag="700" ind1="1" ind2=" ">
         <marc:subfield code="a">Tillman, P. Glynn</marc:subfield>
         <marc:subfield code="e">author</marc:subfield>
         <marc:subfield code="u">United States Department of Agriculture, Agricultural Research Service,
        Crop Protection &amp; Management Research Laboratory, 2747 Davis Rd., Tifton, GA
        31793</marc:subfield>
      </marc:datafield>
      <marc:datafield tag="773" ind1="0" ind2=" ">
         <marc:subfield code="t">Journal of insect science .</marc:subfield>
         <marc:subfield code="g">2015 Jan., v. 15, no. 28 p.1-10</marc:subfield>
         <marc:subfield code="d">University of Wisconsin Library</marc:subfield>
         <marc:subfield code="x">1536-2442</marc:subfield>
         <marc:subfield code="7">nnas</marc:subfield>
      </marc:datafield>
      <marc:datafield tag="787" ind1="1" ind2=" ">
         <marc:subfield code="o">islandora_article_repository</marc:subfield>
      </marc:datafield>
      <marc:datafield tag="787" ind1="1" ind2=" ">
         <marc:subfield code="o">(Journal)2179</marc:subfield>
      </marc:datafield>
      <marc:datafield tag="912" ind1=" " ind2=" ">
         <marc:subfield code="a">Article</marc:subfield>
      </marc:datafield>
      <marc:datafield tag="914" ind1=" " ind2=" ">
         <marc:subfield code="a">Journal:2179</marc:subfield>
         <marc:subfield code="b">1536-2442</marc:subfield>
         <marc:subfield code="c">15</marc:subfield>
         <marc:subfield code="d">28</marc:subfield>
         <marc:subfield code="e">1</marc:subfield>
      </marc:datafield>
      <marc:datafield tag="914" ind1=" " ind2=" ">
         <marc:subfield code="f">Journal of insect science </marc:subfield>
      </marc:datafield>
      <marc:datafield tag="916" ind1=" " ind2=" ">
         <marc:subfield code="a">Batch:1194</marc:subfield>
      </marc:datafield>
      <marc:datafield tag="917" ind1=" " ind2=" ">
         <marc:subfield code="a">issued</marc:subfield>
      </marc:datafield>
      <marc:datafield tag="918" ind1="2" ind2=" ">
         <marc:subfield code="a">BioOne</marc:subfield>
         <marc:subfield code="e">provider</marc:subfield>
         <marc:subfield code="5">DNAL</marc:subfield>
      </marc:datafield>
      <marc:datafield tag="935" ind1=" " ind2=" ">
         <marc:subfield code="a">IND602197423</marc:subfield>
         <marc:subfield code="9">ExL</marc:subfield>
      </marc:datafield>
      <marc:datafield tag="949" ind1=" " ind2=" ">
         <marc:subfield code="a">2016-02-09</marc:subfield>
      </marc:datafield>
      <marc:datafield tag="953" ind1=" " ind2=" ">
         <marc:subfield code="a">INSCv15i1-05192319-473984.zip</marc:subfield>
      </marc:datafield>
      <marc:datafield tag="961" ind1=" " ind2=" ">
         <marc:subfield code="a">USDA/RD</marc:subfield>
      </marc:datafield>
      <marc:datafield tag="962" ind1=" " ind2=" ">
         <marc:subfield code="a">No DOI</marc:subfield>
      </marc:datafield>
      <marc:datafield tag="962" ind1=" " ind2=" ">
         <marc:subfield code="a">Batch:1194 reviewed on 2016-02-09T14:00:02Z</marc:subfield>
      </marc:datafield>
      <marc:datafield tag="974" ind1=" " ind2=" ">
         <marc:subfield code="a">agid:2197423</marc:subfield>
      </marc:datafield>
      <marc:datafield tag="983" ind1=" " ind2=" ">
         <marc:subfield code="a">2015-11-24</marc:subfield>
      </marc:datafield>
      <marc:datafield tag="984" ind1=" " ind2=" ">
         <marc:subfield code="a">2016-02-09</marc:subfield>
      </marc:datafield>
   </marc:record>