
   <marc:record>
      <marc:leader>04709nab a2200661 u 4500</marc:leader>
      <marc:controlfield tag="001">9915643501807426</marc:controlfield>
      <marc:controlfield tag="005">20221119150725.0</marc:controlfield>
      <marc:controlfield tag="008">190318e201510 xx |||||o|||||||||||eng||</marc:controlfield>
      <marc:datafield tag="016" ind1="7" ind2=" ">
         <marc:subfield code="a">IND605407126</marc:subfield>
         <marc:subfield code="2">DNAL</marc:subfield>
      </marc:datafield>
      <marc:datafield tag="024" ind1="7" ind2=" ">
         <marc:subfield code="a">10.1016/j.apgeog.2015.09.007</marc:subfield>
         <marc:subfield code="2">doi</marc:subfield>
      </marc:datafield>
      <marc:datafield tag="035" ind1=" " ind2=" ">
         <marc:subfield code="a">agid:5407126-01nal_inst</marc:subfield>
      </marc:datafield>
      <marc:datafield tag="040" ind1=" " ind2=" ">
         <marc:subfield code="a">AGL</marc:subfield>
         <marc:subfield code="b">eng</marc:subfield>
         <marc:subfield code="c">AGL</marc:subfield>
      </marc:datafield>
      <marc:datafield tag="100" ind1="1" ind2=" ">
         <marc:subfield code="a">Allen, Kathryn J.</marc:subfield>
         <marc:subfield code="e">author</marc:subfield>
         <marc:subfield code="u">School of Ecosystem and Forest Science, University of Melbourne, 500 Yarra
        Boulevard, Richmond 3121, Australia</marc:subfield>
      </marc:datafield>
      <marc:datafield tag="245" ind1="1" ind2="0">
         <marc:subfield code="a">Palaeohydrology in climatological context: Developing the case for use of
        remote predictors in Australian streamflow reconstructions</marc:subfield>
      </marc:datafield>
      <marc:datafield tag="300" ind1=" " ind2=" ">
         <marc:subfield code="a">p. 132-152.</marc:subfield>
      </marc:datafield>
      <marc:datafield tag="520" ind1=" " ind2=" ">
         <marc:subfield code="a">The dry continent of Australia experiences frequent periods of devastating
        regional drought, making high quality palaeohydrological reconstructions essential for water
        resource management and planning. In other parts of the world tree-rings form a core
        component of such reconstructions. Yet for much of Australia, annually resolved
        palaeohydrological reconstructions derived from tree-rings have proven elusive. The island
        state of Tasmania in the far south is an important exception, with over 50 tree-ring
        chronologies available. Coupled ocean-atmosphere processes that drive precipitation across
        mainland Australia also influence Tasmanian precipitation. Here, we provide a basic analysis
        of how geographic relationships between important drivers of seasonal Tasmanian streamflow
        and potential streamflow predictors such as tree-ring chronologies may extend the spatial
        applicability of Tasmania's tree-ring predictors beyond the local context. We find clear
        geographically and seasonally defined patterns in Tasmanian streamflow that are reflected in
        the relationships between individual Tasmanian tree-ring chronologies and their
        relationships with streamflows. We find strong evidence that quality Tasmanian summer (DJF)
        streamflow reconstructions based on tree-rings are possible. Evidence also suggests that
        streamflow reconstructions for other seasons are also likely to be possible, especially as
        additional chronologies based on wood properties such as tracheid radial diameter,
        microfibril angle, density and cell wall thickness become available. Based on the
        relationships between streamflows and tree-ring chronologies, and between streamflows and
        major precipitation drivers across Australia, we conclude that Tasmanian tree-ring
        chronologies are likely to prove useful as predictors for seasonal streamflow
        reconstructions, particularly in eastern Australia. Successful streamflow reconstructions
        for a much broader portion of Australia than currently available will be invaluable for
        future water resource management and planning.</marc:subfield>
      </marc:datafield>
      <marc:datafield tag="592" ind1=" " ind2=" ">
         <marc:subfield code="a">Publisher supplied data</marc:subfield>
      </marc:datafield>
      <marc:datafield tag="593" ind1=" " ind2=" ">
         <marc:subfield code="a">PubAg article</marc:subfield>
      </marc:datafield>
      <marc:datafield tag="650" ind1=" " ind2="3">
         <marc:subfield code="a">cell walls</marc:subfield>
      </marc:datafield>
      <marc:datafield tag="650" ind1=" " ind2="3">
         <marc:subfield code="a">drought</marc:subfield>
      </marc:datafield>
      <marc:datafield tag="650" ind1=" " ind2="3">
         <marc:subfield code="a">geography</marc:subfield>
      </marc:datafield>
      <marc:datafield tag="650" ind1=" " ind2="3">
         <marc:subfield code="a">growth rings</marc:subfield>
      </marc:datafield>
      <marc:datafield tag="650" ind1=" " ind2="3">
         <marc:subfield code="a">planning</marc:subfield>
      </marc:datafield>
      <marc:datafield tag="650" ind1=" " ind2="3">
         <marc:subfield code="a">stream flow</marc:subfield>
      </marc:datafield>
      <marc:datafield tag="650" ind1=" " ind2="3">
         <marc:subfield code="a">summer</marc:subfield>
      </marc:datafield>
      <marc:datafield tag="650" ind1=" " ind2="3">
         <marc:subfield code="a">tracheids</marc:subfield>
      </marc:datafield>
      <marc:datafield tag="650" ind1=" " ind2="3">
         <marc:subfield code="a">water management</marc:subfield>
      </marc:datafield>
      <marc:datafield tag="650" ind1=" " ind2="3">
         <marc:subfield code="a">wood properties</marc:subfield>
      </marc:datafield>
      <marc:datafield tag="651" ind1=" " ind2="3">
         <marc:subfield code="a">Tasmania</marc:subfield>
      </marc:datafield>
      <marc:datafield tag="653" ind1=" " ind2="0">
         <marc:subfield code="a">Streamflow</marc:subfield>
      </marc:datafield>
      <marc:datafield tag="653" ind1=" " ind2="0">
         <marc:subfield code="a">Tree rings</marc:subfield>
      </marc:datafield>
      <marc:datafield tag="653" ind1=" " ind2="0">
         <marc:subfield code="a">Southeastern Australia</marc:subfield>
      </marc:datafield>
      <marc:datafield tag="653" ind1=" " ind2="0">
         <marc:subfield code="a">Wood properties</marc:subfield>
      </marc:datafield>
      <marc:datafield tag="653" ind1=" " ind2="0">
         <marc:subfield code="a">Climatology</marc:subfield>
      </marc:datafield>
      <marc:datafield tag="700" ind1="1" ind2=" ">
         <marc:subfield code="a">Lee, Greg</marc:subfield>
         <marc:subfield code="e">author</marc:subfield>
         <marc:subfield code="u">Antarctic, Climate &amp; Ecosystems Cooperative Research Centre, University
        of Tasmania, Hobart 7001, Australia</marc:subfield>
      </marc:datafield>
      <marc:datafield tag="700" ind1="1" ind2=" ">
         <marc:subfield code="a">Ling, Fiona</marc:subfield>
         <marc:subfield code="e">author</marc:subfield>
         <marc:subfield code="u">Entura Consulting, Hydro Tasmania, 89 Cambridge Park Drive, Cambridge 7170,
        Australia</marc:subfield>
      </marc:datafield>
      <marc:datafield tag="700" ind1="1" ind2=" ">
         <marc:subfield code="a">Allie, Stuart</marc:subfield>
         <marc:subfield code="e">author</marc:subfield>
         <marc:subfield code="u">Hydro Tasmania, 4 Elizabeth St, Hobart 7000, Australia</marc:subfield>
         <marc:subfield code="1">https://orcid.org/0000-0002-7111-6911</marc:subfield>
      </marc:datafield>
      <marc:datafield tag="700" ind1="1" ind2=" ">
         <marc:subfield code="a">Willis, Mark</marc:subfield>
         <marc:subfield code="e">author</marc:subfield>
         <marc:subfield code="u">Hydro Tasmania, 4 Elizabeth St, Hobart 7000, Australia</marc:subfield>
      </marc:datafield>
      <marc:datafield tag="700" ind1="1" ind2=" ">
         <marc:subfield code="a">Baker, Patrick J.</marc:subfield>
         <marc:subfield code="e">author</marc:subfield>
         <marc:subfield code="u">School of Ecosystem and Forest Science, University of Melbourne, 500 Yarra
        Boulevard, Richmond 3121, Australia</marc:subfield>
      </marc:datafield>
      <marc:datafield tag="773" ind1="0" ind2=" ">
         <marc:subfield code="t">Applied geography.</marc:subfield>
         <marc:subfield code="g">2015 Oct., v. 64 p.132-152</marc:subfield>
         <marc:subfield code="d">Elsevier Ltd</marc:subfield>
         <marc:subfield code="w">Journal:11785</marc:subfield>
         <marc:subfield code="x">0143-6228</marc:subfield>
         <marc:subfield code="7">nnas</marc:subfield>
      </marc:datafield>
      <marc:datafield tag="787" ind1="1" ind2=" ">
         <marc:subfield code="o">islandora_article_repository</marc:subfield>
      </marc:datafield>
      <marc:datafield tag="787" ind1="1" ind2=" ">
         <marc:subfield code="o">product_pubag</marc:subfield>
      </marc:datafield>
      <marc:datafield tag="787" ind1="1" ind2=" ">
         <marc:subfield code="o">(Journal)11785</marc:subfield>
      </marc:datafield>
      <marc:datafield tag="856" ind1="4" ind2="0">
         <marc:subfield code="u">https://dx.doi.org/10.1016/j.apgeog.2015.09.007</marc:subfield>
         <marc:subfield code="3">Available from publisher's site</marc:subfield>
      </marc:datafield>
      <marc:datafield tag="912" ind1=" " ind2=" ">
         <marc:subfield code="a">Article</marc:subfield>
      </marc:datafield>
      <marc:datafield tag="914" ind1=" " ind2=" ">
         <marc:subfield code="a">Journal:11785</marc:subfield>
         <marc:subfield code="b">0143-6228</marc:subfield>
         <marc:subfield code="c">64</marc:subfield>
         <marc:subfield code="e">132</marc:subfield>
      </marc:datafield>
      <marc:datafield tag="914" ind1=" " ind2=" ">
         <marc:subfield code="f">Applied geography</marc:subfield>
      </marc:datafield>
      <marc:datafield tag="916" ind1=" " ind2=" ">
         <marc:subfield code="a">Batch:1486</marc:subfield>
      </marc:datafield>
      <marc:datafield tag="917" ind1=" " ind2=" ">
         <marc:subfield code="a">issued</marc:subfield>
      </marc:datafield>
      <marc:datafield tag="918" ind1="2" ind2=" ">
         <marc:subfield code="a">Elsevier Consyn</marc:subfield>
         <marc:subfield code="e">provider</marc:subfield>
         <marc:subfield code="5">DNAL</marc:subfield>
      </marc:datafield>
      <marc:datafield tag="935" ind1=" " ind2=" ">
         <marc:subfield code="a">IND605407126</marc:subfield>
         <marc:subfield code="9">ExL</marc:subfield>
      </marc:datafield>
      <marc:datafield tag="949" ind1=" " ind2=" ">
         <marc:subfield code="a">2019-03-18</marc:subfield>
      </marc:datafield>
      <marc:datafield tag="953" ind1=" " ind2=" ">
         <marc:subfield code="a">/data/metadata/incoming/consyn/46-2-00024-HEAD-ONLY.zip</marc:subfield>
      </marc:datafield>
      <marc:datafield tag="954" ind1=" " ind2=" ">
         <marc:subfield code="a">file:/data/metadata/staging/consyn/S0143622815002155.xml</marc:subfield>
      </marc:datafield>
      <marc:datafield tag="955" ind1=" " ind2=" ">
         <marc:subfield code="a">/data/metadata/staging/consyn/</marc:subfield>
      </marc:datafield>
      <marc:datafield tag="974" ind1=" " ind2=" ">
         <marc:subfield code="a">agid:5407126</marc:subfield>
      </marc:datafield>
      <marc:datafield tag="983" ind1=" " ind2=" ">
         <marc:subfield code="a">2019-03-18</marc:subfield>
      </marc:datafield>
      <marc:datafield tag="984" ind1=" " ind2=" ">
         <marc:subfield code="a">2019-03-18</marc:subfield>
      </marc:datafield>
   </marc:record>