
   <marc:record>
      <marc:leader>04094nab a2200601 u 4500</marc:leader>
      <marc:controlfield tag="001">9915644810707426</marc:controlfield>
      <marc:controlfield tag="005">20221119111839.0</marc:controlfield>
      <marc:controlfield tag="008">170712e20170510xx |||||o|||||||||||eng||</marc:controlfield>
      <marc:datafield tag="016" ind1="7" ind2=" ">
         <marc:subfield code="a">IND605717828</marc:subfield>
         <marc:subfield code="2">DNAL</marc:subfield>
      </marc:datafield>
      <marc:datafield tag="024" ind1="7" ind2=" ">
         <marc:subfield code="a">10.17660/ActaHortic.2017.1160.17</marc:subfield>
         <marc:subfield code="2">doi</marc:subfield>
      </marc:datafield>
      <marc:datafield tag="035" ind1=" " ind2=" ">
         <marc:subfield code="a">agid:5717828-01nal_inst</marc:subfield>
      </marc:datafield>
      <marc:datafield tag="040" ind1=" " ind2=" ">
         <marc:subfield code="a">AGL</marc:subfield>
         <marc:subfield code="b">eng</marc:subfield>
         <marc:subfield code="c">AGL</marc:subfield>
      </marc:datafield>
      <marc:datafield tag="100" ind1="1" ind2=" ">
         <marc:subfield code="a">Lodolini, E. M.</marc:subfield>
         <marc:subfield code="e">author</marc:subfield>
         <marc:subfield code="u">Department of Agricultural, Food and Environmental Sciences, Marche
        Polytechnic University, Ancona, Italy</marc:subfield>
      </marc:datafield>
      <marc:datafield tag="245" ind1="1" ind2="0">
         <marc:subfield code="a">Reproductive patterns of 1-year-old mixed shoots in different olive
        cultivars in Central Italy</marc:subfield>
      </marc:datafield>
      <marc:datafield tag="300" ind1=" " ind2=" ">
         <marc:subfield code="a">p. 119-126.</marc:subfield>
      </marc:datafield>
      <marc:datafield tag="500" ind1=" " ind2=" ">
         <marc:subfield code="a">Paper presented at the X International Symposium on Modelling in Fruit
        Research and Orchard Management held June 2-5, 2015, Montpellier, France</marc:subfield>
      </marc:datafield>
      <marc:datafield tag="520" ind1=" " ind2=" ">
         <marc:subfield code="a">The increase of plant density in new olive orchard systems requires a
        deeper investigation about plant architecture to understand growth, branching pattern and
        yield and to select most suitable cultivars. The spatial arrangement of vegetative and
        reproductive structures helps to explain the fruiting attitude of the plant at different
        levels: the whole tree, the productive branch and the fruiting shoot. The objective of the
        present study was to investigate the reproductive attitude of 1-year-old mixed shoots in six
        olive cultivars grown in central Italy in order to determine inflorescence and fruit
        distribution and identify correlations between vegetative-reproductive variables. Results
        showed a differing inflorescence and fruit distribution along the shoot axis: a higher
        number in the median-distal portion for the cultivars 'Arbequina', 'Don Carlo' and 'Giulia',
        in the median-basal portion for 'FS17' and more homogeneous for 'Arbosana' and 'Koroneiki'.
        A higher fruit number with increasing length of 1-year-old mixed shoot was registered, but
        with a shallow slope relationship compared to the number of flowers per shoot. After fruit
        set, the crop load remained constant until harvest. Cultivars showed a different
        vegetative-reproductive pattern in the climatic conditions of central Italy with differences
        between all cultivars. This study contributes to understand the reproductive pattern of
        1-year-old mixed shoot in olive, suggesting a different suitability of the cultivars to
        different planting density systems.</marc:subfield>
      </marc:datafield>
      <marc:datafield tag="593" ind1=" " ind2=" ">
         <marc:subfield code="a">PubAg article</marc:subfield>
      </marc:datafield>
      <marc:datafield tag="593" ind1=" " ind2=" ">
         <marc:subfield code="d">Keyed article</marc:subfield>
      </marc:datafield>
      <marc:datafield tag="595" ind1=" " ind2=" ">
         <marc:subfield code="b">lgarner</marc:subfield>
         <marc:subfield code="c">2017-07-13</marc:subfield>
         <marc:subfield code="d">manager-lgarner</marc:subfield>
         <marc:subfield code="e">2017-07-13</marc:subfield>
      </marc:datafield>
      <marc:datafield tag="650" ind1=" " ind2="3">
         <marc:subfield code="a">branching</marc:subfield>
      </marc:datafield>
      <marc:datafield tag="650" ind1=" " ind2="3">
         <marc:subfield code="a">climatic factors</marc:subfield>
      </marc:datafield>
      <marc:datafield tag="650" ind1=" " ind2="3">
         <marc:subfield code="a">cultivars</marc:subfield>
      </marc:datafield>
      <marc:datafield tag="650" ind1=" " ind2="3">
         <marc:subfield code="a">flowers</marc:subfield>
      </marc:datafield>
      <marc:datafield tag="650" ind1=" " ind2="3">
         <marc:subfield code="a">fruit set</marc:subfield>
      </marc:datafield>
      <marc:datafield tag="650" ind1=" " ind2="3">
         <marc:subfield code="a">olives</marc:subfield>
      </marc:datafield>
      <marc:datafield tag="650" ind1=" " ind2="3">
         <marc:subfield code="a">orchards</marc:subfield>
      </marc:datafield>
      <marc:datafield tag="650" ind1=" " ind2="3">
         <marc:subfield code="a">plant architecture</marc:subfield>
      </marc:datafield>
      <marc:datafield tag="650" ind1=" " ind2="3">
         <marc:subfield code="a">plant density</marc:subfield>
      </marc:datafield>
      <marc:datafield tag="650" ind1=" " ind2="3">
         <marc:subfield code="a">shoots</marc:subfield>
      </marc:datafield>
      <marc:datafield tag="650" ind1=" " ind2="3">
         <marc:subfield code="a">trees</marc:subfield>
      </marc:datafield>
      <marc:datafield tag="651" ind1=" " ind2="3">
         <marc:subfield code="a">Italy</marc:subfield>
      </marc:datafield>
      <marc:datafield tag="700" ind1="1" ind2=" ">
         <marc:subfield code="a">Tarragoni, A.</marc:subfield>
         <marc:subfield code="e">author</marc:subfield>
         <marc:subfield code="u">Department of Agricultural, Food and Environmental Sciences, Marche
        Polytechnic University, Ancona, Italy</marc:subfield>
      </marc:datafield>
      <marc:datafield tag="700" ind1="1" ind2=" ">
         <marc:subfield code="a">Ciccolanti, T.</marc:subfield>
         <marc:subfield code="e">author</marc:subfield>
         <marc:subfield code="u">Department of Agricultural, Food and Environmental Sciences, Marche
        Polytechnic University, Ancona, Italy</marc:subfield>
      </marc:datafield>
      <marc:datafield tag="700" ind1="1" ind2=" ">
         <marc:subfield code="a">Massetani, F.</marc:subfield>
         <marc:subfield code="e">author</marc:subfield>
         <marc:subfield code="u">Department of Agricultural, Food and Environmental Sciences, Marche
        Polytechnic University, Ancona, Italy</marc:subfield>
      </marc:datafield>
      <marc:datafield tag="700" ind1="1" ind2=" ">
         <marc:subfield code="a">Pollastri, L.</marc:subfield>
         <marc:subfield code="e">author</marc:subfield>
         <marc:subfield code="u">Regional Agency for Agricultural Services and Development in Abruzzo,
        Pescara, Italy</marc:subfield>
      </marc:datafield>
      <marc:datafield tag="700" ind1="1" ind2=" ">
         <marc:subfield code="a">Neri, D.</marc:subfield>
         <marc:subfield code="e">author</marc:subfield>
         <marc:subfield code="u">Fruit Tree Research Center, Council for Agricultural Research and
        Economics, Rome, Italy</marc:subfield>
      </marc:datafield>
      <marc:datafield tag="773" ind1="0" ind2=" ">
         <marc:subfield code="t">Acta horticulturae.</marc:subfield>
         <marc:subfield code="g">2017 May 10, , no. 1160 p.119-126</marc:subfield>
         <marc:subfield code="d">International Society for Horticultural Science.</marc:subfield>
         <marc:subfield code="w">Journal:jnl46289</marc:subfield>
         <marc:subfield code="x">0567-7572</marc:subfield>
         <marc:subfield code="7">nnas</marc:subfield>
      </marc:datafield>
      <marc:datafield tag="787" ind1="1" ind2=" ">
         <marc:subfield code="o">islandora_article_repository</marc:subfield>
      </marc:datafield>
      <marc:datafield tag="787" ind1="1" ind2=" ">
         <marc:subfield code="o">product_pubag</marc:subfield>
      </marc:datafield>
      <marc:datafield tag="787" ind1="1" ind2=" ">
         <marc:subfield code="o">(Journal)jnl46289</marc:subfield>
      </marc:datafield>
      <marc:datafield tag="856" ind1="4" ind2="0">
         <marc:subfield code="u">http://dx.doi.org/10.17660/ActaHortic.2017.1160.17</marc:subfield>
      </marc:datafield>
      <marc:datafield tag="912" ind1=" " ind2=" ">
         <marc:subfield code="a">Article</marc:subfield>
      </marc:datafield>
      <marc:datafield tag="914" ind1=" " ind2=" ">
         <marc:subfield code="a">Journal:jnl46289</marc:subfield>
      </marc:datafield>
      <marc:datafield tag="914" ind1=" " ind2=" ">
         <marc:subfield code="f">Acta horticulturae</marc:subfield>
      </marc:datafield>
      <marc:datafield tag="916" ind1=" " ind2=" ">
         <marc:subfield code="a">Batch:1772</marc:subfield>
      </marc:datafield>
      <marc:datafield tag="917" ind1=" " ind2=" ">
         <marc:subfield code="a">issued</marc:subfield>
      </marc:datafield>
      <marc:datafield tag="935" ind1=" " ind2=" ">
         <marc:subfield code="a">IND605717828</marc:subfield>
         <marc:subfield code="9">ExL</marc:subfield>
      </marc:datafield>
      <marc:datafield tag="949" ind1=" " ind2=" ">
         <marc:subfield code="a">2017-08-01</marc:subfield>
      </marc:datafield>
      <marc:datafield tag="962" ind1=" " ind2=" ">
         <marc:subfield code="a">Batch:1772 reviewed on 2017-08-01T14:00:05Z</marc:subfield>
      </marc:datafield>
      <marc:datafield tag="974" ind1=" " ind2=" ">
         <marc:subfield code="a">agid:5717828</marc:subfield>
      </marc:datafield>
      <marc:datafield tag="983" ind1=" " ind2=" ">
         <marc:subfield code="a">2017-07-12</marc:subfield>
      </marc:datafield>
      <marc:datafield tag="984" ind1=" " ind2=" ">
         <marc:subfield code="a">2017-08-01</marc:subfield>
      </marc:datafield>
   </marc:record>