
   <marc:record>
      <marc:leader>05914nab a2200793 u 4500</marc:leader>
      <marc:controlfield tag="001">9915645538207426</marc:controlfield>
      <marc:controlfield tag="005">20221119115053.0</marc:controlfield>
      <marc:controlfield tag="008">160902e20151115xx |||||o|||||||||||eng||</marc:controlfield>
      <marc:datafield tag="016" ind1="7" ind2=" ">
         <marc:subfield code="a">IND605457332</marc:subfield>
         <marc:subfield code="2">DNAL</marc:subfield>
      </marc:datafield>
      <marc:datafield tag="024" ind1="7" ind2=" ">
         <marc:subfield code="a">10.1016/j.scitotenv.2015.04.113</marc:subfield>
         <marc:subfield code="2">doi</marc:subfield>
      </marc:datafield>
      <marc:datafield tag="035" ind1=" " ind2=" ">
         <marc:subfield code="a">agid:5457332-01nal_inst</marc:subfield>
      </marc:datafield>
      <marc:datafield tag="040" ind1=" " ind2=" ">
         <marc:subfield code="a">AGL</marc:subfield>
         <marc:subfield code="b">eng</marc:subfield>
         <marc:subfield code="c">AGL</marc:subfield>
      </marc:datafield>
      <marc:datafield tag="100" ind1="1" ind2=" ">
         <marc:subfield code="a">Laity, Tania</marc:subfield>
         <marc:subfield code="e">author</marc:subfield>
         <marc:subfield code="u">Science Division, Department of Environment, GPO Box 787, Canberra, ACT
        2601, Australia</marc:subfield>
      </marc:datafield>
      <marc:datafield tag="245" ind1="1" ind2="0">
         <marc:subfield code="a">Phylodiversity to inform conservation policy: An Australian
        example</marc:subfield>
      </marc:datafield>
      <marc:datafield tag="300" ind1=" " ind2=" ">
         <marc:subfield code="a">p. 131-143.</marc:subfield>
      </marc:datafield>
      <marc:datafield tag="520" ind1=" " ind2=" ">
         <marc:subfield code="a">Phylodiversity measures summarise the phylogenetic diversity patterns of
        groups of organisms. By using branches of the tree of life, rather than its tips (e.g.,
        species), phylodiversity measures provide important additional information about
        biodiversity that can improve conservation policy and outcomes. As a biodiverse nation with
        a strong legislative and policy framework, Australia provides an opportunity to use
        phylogenetic information to inform conservation decision-making.We explored the application
        of phylodiversity measures across Australia with a focus on two highly biodiverse regions,
        the south west of Western Australia (SWWA) and the South East Queensland bioregion (SEQ). We
        analysed seven diverse groups of organisms spanning five separate phyla on the evolutionary
        tree of life, the plant genera Acacia and Daviesia, mammals, hylid frogs, myobatrachid
        frogs, passerine birds, and camaenid land snails. We measured species richness, weighted
        species endemism (WE) and two phylodiversity measures, phylogenetic diversity (PD) and
        phylogenetic endemism (PE), as well as their respective complementarity scores (a measure of
        gains and losses) at 20km resolution.Higher PD was identified within SEQ for all fauna
        groups, whereas more PD was found in SWWA for both plant groups. PD and PD complementarity
        were strongly correlated with species richness and species complementarity for most groups
        but less so for plants. PD and PE were found to complement traditional species-based
        measures for all groups studied: PD and PE follow similar spatial patterns to richness and
        WE, but highlighted different areas that would not be identified by conventional
        species-based biodiversity analyses alone.The application of phylodiversity measures,
        particularly the novel weighted complementary measures considered here, in conservation can
        enhance protection of the evolutionary history that contributes to present day biodiversity
        values of areas. Phylogenetic measures in conservation can include important elements of
        biodiversity in conservation planning, such as evolutionary potential and feature diversity
        that will improve decision-making and lead to better biodiversity conservation
        outcomes.</marc:subfield>
      </marc:datafield>
      <marc:datafield tag="592" ind1=" " ind2=" ">
         <marc:subfield code="a">Publisher supplied data</marc:subfield>
      </marc:datafield>
      <marc:datafield tag="593" ind1=" " ind2=" ">
         <marc:subfield code="a">PubAg article</marc:subfield>
      </marc:datafield>
      <marc:datafield tag="650" ind1=" " ind2="3">
         <marc:subfield code="a">Acacia</marc:subfield>
      </marc:datafield>
      <marc:datafield tag="650" ind1=" " ind2="3">
         <marc:subfield code="a">Daviesia</marc:subfield>
      </marc:datafield>
      <marc:datafield tag="650" ind1=" " ind2="3">
         <marc:subfield code="a">Passeriformes</marc:subfield>
      </marc:datafield>
      <marc:datafield tag="650" ind1=" " ind2="3">
         <marc:subfield code="a">birds</marc:subfield>
      </marc:datafield>
      <marc:datafield tag="650" ind1=" " ind2="3">
         <marc:subfield code="a">decision making</marc:subfield>
      </marc:datafield>
      <marc:datafield tag="650" ind1=" " ind2="3">
         <marc:subfield code="a">fauna</marc:subfield>
      </marc:datafield>
      <marc:datafield tag="650" ind1=" " ind2="3">
         <marc:subfield code="a">frogs</marc:subfield>
      </marc:datafield>
      <marc:datafield tag="650" ind1=" " ind2="3">
         <marc:subfield code="a">indigenous species</marc:subfield>
      </marc:datafield>
      <marc:datafield tag="650" ind1=" " ind2="3">
         <marc:subfield code="a">issues and policy</marc:subfield>
      </marc:datafield>
      <marc:datafield tag="650" ind1=" " ind2="3">
         <marc:subfield code="a">mammals</marc:subfield>
      </marc:datafield>
      <marc:datafield tag="650" ind1=" " ind2="3">
         <marc:subfield code="a">phylogeny</marc:subfield>
      </marc:datafield>
      <marc:datafield tag="650" ind1=" " ind2="3">
         <marc:subfield code="a">planning</marc:subfield>
      </marc:datafield>
      <marc:datafield tag="650" ind1=" " ind2="3">
         <marc:subfield code="a">snails</marc:subfield>
      </marc:datafield>
      <marc:datafield tag="650" ind1=" " ind2="3">
         <marc:subfield code="a">species diversity</marc:subfield>
      </marc:datafield>
      <marc:datafield tag="651" ind1=" " ind2="3">
         <marc:subfield code="a">Queensland</marc:subfield>
      </marc:datafield>
      <marc:datafield tag="651" ind1=" " ind2="3">
         <marc:subfield code="a">Western Australia</marc:subfield>
      </marc:datafield>
      <marc:datafield tag="653" ind1=" " ind2="0">
         <marc:subfield code="a">Phylogeny</marc:subfield>
      </marc:datafield>
      <marc:datafield tag="653" ind1=" " ind2="0">
         <marc:subfield code="a">Species</marc:subfield>
      </marc:datafield>
      <marc:datafield tag="653" ind1=" " ind2="0">
         <marc:subfield code="a">Conservation planning</marc:subfield>
      </marc:datafield>
      <marc:datafield tag="653" ind1=" " ind2="0">
         <marc:subfield code="a">Policy</marc:subfield>
      </marc:datafield>
      <marc:datafield tag="653" ind1=" " ind2="0">
         <marc:subfield code="a">Diversity</marc:subfield>
      </marc:datafield>
      <marc:datafield tag="653" ind1=" " ind2="0">
         <marc:subfield code="a">Phylogenetic diversity</marc:subfield>
      </marc:datafield>
      <marc:datafield tag="653" ind1=" " ind2="0">
         <marc:subfield code="a">Phylogenetic endemism</marc:subfield>
      </marc:datafield>
      <marc:datafield tag="700" ind1="1" ind2=" ">
         <marc:subfield code="a">Laffan, Shawn W.</marc:subfield>
         <marc:subfield code="e">author</marc:subfield>
         <marc:subfield code="u">Centre for Ecosystem Science, School of Biological, Earth and Environmental
        Science, University of New South Wales, Sydney 2052, Australia</marc:subfield>
      </marc:datafield>
      <marc:datafield tag="700" ind1="1" ind2=" ">
         <marc:subfield code="a">González-Orozco, Carlos E.</marc:subfield>
         <marc:subfield code="e">author</marc:subfield>
         <marc:subfield code="u">Institute for Applied Ecology and Collaborative Research for Murray-Darling
        Basin Futures, University of Canberra, Canberra, ACT 2601, Australia</marc:subfield>
      </marc:datafield>
      <marc:datafield tag="700" ind1="1" ind2=" ">
         <marc:subfield code="a">Faith, Daniel P.</marc:subfield>
         <marc:subfield code="e">author</marc:subfield>
         <marc:subfield code="u">The Australian Museum Research Institute, Australian Museum, 6 College St,
        Sydney, NSW 2000, Australia</marc:subfield>
      </marc:datafield>
      <marc:datafield tag="700" ind1="1" ind2=" ">
         <marc:subfield code="a">Rosauer, Dan F.</marc:subfield>
         <marc:subfield code="e">author</marc:subfield>
         <marc:subfield code="u">Division of Evolution, Ecology and Genetics, Research School of Biology,
        The Australian National University, ACT 2601, Australia</marc:subfield>
      </marc:datafield>
      <marc:datafield tag="700" ind1="1" ind2=" ">
         <marc:subfield code="a">Byrne, Margaret</marc:subfield>
         <marc:subfield code="e">author</marc:subfield>
         <marc:subfield code="u">Science and Conservation Division, Department of Parks and Wildlife, Locked
        Bag 104, Bentley Delivery Centre, WA 6983, Australia</marc:subfield>
      </marc:datafield>
      <marc:datafield tag="700" ind1="1" ind2=" ">
         <marc:subfield code="a">Miller, Joseph T.</marc:subfield>
         <marc:subfield code="e">author</marc:subfield>
         <marc:subfield code="u">Centre for Australian National Biodiversity Research, CSIRO, GPO Box 1600,
        Canberra, ACT, Australia</marc:subfield>
      </marc:datafield>
      <marc:datafield tag="700" ind1="1" ind2=" ">
         <marc:subfield code="a">Crayn, Darren</marc:subfield>
         <marc:subfield code="e">author</marc:subfield>
         <marc:subfield code="u">Australian Tropical Herbarium, James Cook University, Cairns Campus, PO Box
        6811, Smithfield, QLD 4878, Australia</marc:subfield>
      </marc:datafield>
      <marc:datafield tag="700" ind1="1" ind2=" ">
         <marc:subfield code="a">Costion, Craig</marc:subfield>
         <marc:subfield code="e">author</marc:subfield>
         <marc:subfield code="u">Centre for Tropical Environmental Sustainability Science, James Cook
        University, Cairns Campus, PO Box 6811, Smithfield, QLD 4878, Australia</marc:subfield>
      </marc:datafield>
      <marc:datafield tag="700" ind1="1" ind2=" ">
         <marc:subfield code="a">Moritz, Craig C.</marc:subfield>
         <marc:subfield code="e">author</marc:subfield>
         <marc:subfield code="u">Division of Evolution, Ecology and Genetics, Research School of Biology,
        The Australian National University, ACT 2601, Australia</marc:subfield>
      </marc:datafield>
      <marc:datafield tag="700" ind1="1" ind2=" ">
         <marc:subfield code="a">Newport, Karl</marc:subfield>
         <marc:subfield code="e">author</marc:subfield>
         <marc:subfield code="u">Science Division, Department of Environment, GPO Box 787, Canberra, ACT
        2601, Australia</marc:subfield>
      </marc:datafield>
      <marc:datafield tag="773" ind1="0" ind2=" ">
         <marc:subfield code="t">Science of the total environment.</marc:subfield>
         <marc:subfield code="g">2015 Nov. 15, v. 534 p.131-143</marc:subfield>
         <marc:subfield code="d">Elsevier B.V.</marc:subfield>
         <marc:subfield code="x">0048-9697</marc:subfield>
         <marc:subfield code="7">nnas</marc:subfield>
      </marc:datafield>
      <marc:datafield tag="787" ind1="1" ind2=" ">
         <marc:subfield code="o">islandora_article_repository</marc:subfield>
      </marc:datafield>
      <marc:datafield tag="787" ind1="1" ind2=" ">
         <marc:subfield code="o">product_pubag</marc:subfield>
      </marc:datafield>
      <marc:datafield tag="787" ind1="1" ind2=" ">
         <marc:subfield code="o">(Journal)jnl4455</marc:subfield>
      </marc:datafield>
      <marc:datafield tag="856" ind1="4" ind2="0">
         <marc:subfield code="u">http://dx.doi.org/10.1016/j.scitotenv.2015.04.113</marc:subfield>
         <marc:subfield code="3">Available from publisher's site</marc:subfield>
      </marc:datafield>
      <marc:datafield tag="912" ind1=" " ind2=" ">
         <marc:subfield code="a">Article</marc:subfield>
      </marc:datafield>
      <marc:datafield tag="914" ind1=" " ind2=" ">
         <marc:subfield code="a">Journal:jnl4455</marc:subfield>
         <marc:subfield code="b">0048-9697</marc:subfield>
         <marc:subfield code="c">534</marc:subfield>
         <marc:subfield code="e">131</marc:subfield>
      </marc:datafield>
      <marc:datafield tag="914" ind1=" " ind2=" ">
         <marc:subfield code="f">Science of the total environment</marc:subfield>
      </marc:datafield>
      <marc:datafield tag="916" ind1=" " ind2=" ">
         <marc:subfield code="a">Batch:1443</marc:subfield>
      </marc:datafield>
      <marc:datafield tag="917" ind1=" " ind2=" ">
         <marc:subfield code="a">issued</marc:subfield>
      </marc:datafield>
      <marc:datafield tag="918" ind1="2" ind2=" ">
         <marc:subfield code="a">Elsevier Consyn</marc:subfield>
         <marc:subfield code="e">provider</marc:subfield>
         <marc:subfield code="5">DNAL</marc:subfield>
      </marc:datafield>
      <marc:datafield tag="935" ind1=" " ind2=" ">
         <marc:subfield code="a">IND605457332</marc:subfield>
         <marc:subfield code="9">ExL</marc:subfield>
      </marc:datafield>
      <marc:datafield tag="949" ind1=" " ind2=" ">
         <marc:subfield code="a">2016-10-14</marc:subfield>
      </marc:datafield>
      <marc:datafield tag="953" ind1=" " ind2=" ">
         <marc:subfield code="a">consyn93-2-00011-HEAD-ONLY.ZIP</marc:subfield>
      </marc:datafield>
      <marc:datafield tag="962" ind1=" " ind2=" ">
         <marc:subfield code="a">Batch:1443 reviewed on 2016-10-14T13:00:02Z</marc:subfield>
      </marc:datafield>
      <marc:datafield tag="974" ind1=" " ind2=" ">
         <marc:subfield code="a">agid:5457332</marc:subfield>
      </marc:datafield>
      <marc:datafield tag="983" ind1=" " ind2=" ">
         <marc:subfield code="a">2016-09-02</marc:subfield>
      </marc:datafield>
      <marc:datafield tag="984" ind1=" " ind2=" ">
         <marc:subfield code="a">2016-10-14</marc:subfield>
      </marc:datafield>
   </marc:record>