
   <marc:record>
      <marc:leader>07089nab a2200745 u 4500</marc:leader>
      <marc:controlfield tag="001">9915645773007426</marc:controlfield>
      <marc:controlfield tag="005">20221119115329.0</marc:controlfield>
      <marc:controlfield tag="008">220921e202209 xx |||||o|||||||||||eng||</marc:controlfield>
      <marc:datafield tag="016" ind1="7" ind2=" ">
         <marc:subfield code="a">IND607862507</marc:subfield>
         <marc:subfield code="2">DNAL</marc:subfield>
      </marc:datafield>
      <marc:datafield tag="024" ind1="7" ind2=" ">
         <marc:subfield code="a">10.1016/j.ecolind.2022.109230</marc:subfield>
         <marc:subfield code="2">doi</marc:subfield>
      </marc:datafield>
      <marc:datafield tag="035" ind1=" " ind2=" ">
         <marc:subfield code="a">agid:7862507-01nal_inst</marc:subfield>
      </marc:datafield>
      <marc:datafield tag="040" ind1=" " ind2=" ">
         <marc:subfield code="a">AGL</marc:subfield>
         <marc:subfield code="b">eng</marc:subfield>
         <marc:subfield code="c">AGL</marc:subfield>
      </marc:datafield>
      <marc:datafield tag="100" ind1="1" ind2=" ">
         <marc:subfield code="a">Zeng, Xiaoxia</marc:subfield>
         <marc:subfield code="e">author</marc:subfield>
         <marc:subfield code="u">Jiangxi Province Key Laboratory for Bamboo Germplasm Resources and
        Utilization, Jiangxi Agricultural University, Nanchang 330045, China</marc:subfield>
         <marc:subfield code="1">https://orcid.org/0000-0002-5967-7898</marc:subfield>
      </marc:datafield>
      <marc:datafield tag="245" ind1="1" ind2="0">
         <marc:subfield code="a">Encroachment order and spatial patterns of broad-leaf tree species in the
        naturalization of a Cunninghamia lanceolata plantation</marc:subfield>
      </marc:datafield>
      <marc:datafield tag="506" ind1=" " ind2=" ">
         <marc:subfield code="a">Creative Commons Attribution 4.0 Generic (CC BY-NC-ND 4.0)</marc:subfield>
         <marc:subfield code="u">http://creativecommons.org/licenses/by-nc-nd/4.0/</marc:subfield>
         <marc:subfield code="f">Unrestricted online access</marc:subfield>
         <marc:subfield code="2">star</marc:subfield>
      </marc:datafield>
      <marc:datafield tag="506" ind1=" " ind2=" ">
         <marc:subfield code="a">Resource is Open Access</marc:subfield>
         <marc:subfield code="u">http://purl.org/eprint/accessRights/OpenAccess</marc:subfield>
         <marc:subfield code="f">Unrestricted online access</marc:subfield>
         <marc:subfield code="2">star</marc:subfield>
      </marc:datafield>
      <marc:datafield tag="520" ind1=" " ind2=" ">
         <marc:subfield code="a">The aim of this study was to understand the encroachment order, spatial
        patterns, interspecific associations, and species diversity of a Cunninghamia lanceolata
        plantation and to provide context for how to improve the spatial structure of C. lanceolata
        plantations. We investigated a Guanshan (C. lanceolata) Plantation in the Jiangxi Province.
        The C. lanceolata plantation was divided into three developmental stages (early, middle and
        late), with a space-for-time substitution method, according to their diameter at breast
        height (DBH) measurements. Across these plots, we analyzed encroachment patterns of the
        species and their interspecific associations with C. lanceolata according to the coordinates
        of trees in the plot, as well as the variation of species diversity after the encroachment
        of broad-leaf tree species. Our results show that the encroachment of broad-leaf trees into
        the C. lanceolata plantation followed a clear successional sequence of tree community
        assembly: intolerant tree species encroachment first, such as Alniphyllum fortunei and
        Liquidambar formosana, encroached; neutral tree species then encroachment, such as
        Daphniphyllum oldhamii and Schima superba, and shade-tolerant tree species encroachment
        last, such as Castanopsis eyrei and Castanopsis tibetana. Further, the spatial pattern of
        species establishment differed based upon when they encroached on the plantation. Intolerant
        and neutral tree species of early and middle developmental stages were distributed randomly.
        However, intolerant and some shade-tolerant tree species of the late developmental stage
        were aggregated on a scale of about 0–3 m. In addition, the interspecific associations
        between broad-leaf species encroachment into the C. lanceolata plantation were mainly
        negative, among which the most competitive ones were A. fortunei, D. oldhamii and Machilus
        thunbergii. However, with the development of the community, some species with negative
        correlations changed to having no correlation with C. lanceolata. We found that species
        diversity in the plantation gradually increased by nearly-five times from the early to the
        late developmental stage. Based on our collective results, we conclude that the encroachment
        and assembly of tree species show obvious order and pattern, which has a strong competitive
        effect with C. lanceolata in the naturalized plantation. Additionally, the community
        biodiversity has been significantly improved. Therefore, this successional process is
        important in the transformation of the C lanceolata plantation and different tree species
        should be replanted according to C. lanceolata plantation developmental stages with priority
        given to competitive species, such as A. fortunei, D. oldhamii, and M. thunbergii, so as to
        promote the C. lanceolata plantation change to C. lanceolata and broadleaf mixed
        forest.</marc:subfield>
      </marc:datafield>
      <marc:datafield tag="592" ind1=" " ind2=" ">
         <marc:subfield code="a">Publisher supplied data</marc:subfield>
      </marc:datafield>
      <marc:datafield tag="593" ind1=" " ind2=" ">
         <marc:subfield code="a">PubAg article</marc:subfield>
      </marc:datafield>
      <marc:datafield tag="650" ind1=" " ind2="3">
         <marc:subfield code="a">Castanopsis</marc:subfield>
      </marc:datafield>
      <marc:datafield tag="650" ind1=" " ind2="3">
         <marc:subfield code="a">Cunninghamia lanceolata</marc:subfield>
      </marc:datafield>
      <marc:datafield tag="650" ind1=" " ind2="3">
         <marc:subfield code="a">Daphniphyllum</marc:subfield>
      </marc:datafield>
      <marc:datafield tag="650" ind1=" " ind2="3">
         <marc:subfield code="a">Liquidambar formosana</marc:subfield>
      </marc:datafield>
      <marc:datafield tag="650" ind1=" " ind2="3">
         <marc:subfield code="a">Machilus</marc:subfield>
      </marc:datafield>
      <marc:datafield tag="650" ind1=" " ind2="3">
         <marc:subfield code="a">Schima superba</marc:subfield>
      </marc:datafield>
      <marc:datafield tag="650" ind1=" " ind2="3">
         <marc:subfield code="a">broadleaved trees</marc:subfield>
      </marc:datafield>
      <marc:datafield tag="650" ind1=" " ind2="3">
         <marc:subfield code="a">mixed forests</marc:subfield>
      </marc:datafield>
      <marc:datafield tag="650" ind1=" " ind2="3">
         <marc:subfield code="a">shade tolerance</marc:subfield>
      </marc:datafield>
      <marc:datafield tag="650" ind1=" " ind2="3">
         <marc:subfield code="a">species diversity</marc:subfield>
      </marc:datafield>
      <marc:datafield tag="650" ind1=" " ind2="3">
         <marc:subfield code="a">tree and stand measurements</marc:subfield>
      </marc:datafield>
      <marc:datafield tag="651" ind1=" " ind2="3">
         <marc:subfield code="a">China</marc:subfield>
      </marc:datafield>
      <marc:datafield tag="653" ind1=" " ind2="0">
         <marc:subfield code="a">Encroachment pattern</marc:subfield>
      </marc:datafield>
      <marc:datafield tag="653" ind1=" " ind2="0">
         <marc:subfield code="a">Interspecific associations</marc:subfield>
      </marc:datafield>
      <marc:datafield tag="653" ind1=" " ind2="0">
         <marc:subfield code="a">Species diversity</marc:subfield>
      </marc:datafield>
      <marc:datafield tag="653" ind1=" " ind2="0">
         <marc:subfield code="a">Point pattern</marc:subfield>
      </marc:datafield>
      <marc:datafield tag="653" ind1=" " ind2="0">
         <marc:subfield code="a">Jiangxi Guanshan Nature Reserve</marc:subfield>
      </marc:datafield>
      <marc:datafield tag="700" ind1="1" ind2=" ">
         <marc:subfield code="a">Chen, Lin</marc:subfield>
         <marc:subfield code="e">author</marc:subfield>
         <marc:subfield code="u">Administration of Jiangxi Guanshan National Nature Reserve, Yichun 336000,
        China</marc:subfield>
      </marc:datafield>
      <marc:datafield tag="700" ind1="1" ind2=" ">
         <marc:subfield code="a">Compson, Zacchaeus G.</marc:subfield>
         <marc:subfield code="e">author</marc:subfield>
         <marc:subfield code="u">Department of Biological Sciences, Advanced Environmental Research
        Institute, University of North Texas Denton, TX, 76201, USA</marc:subfield>
      </marc:datafield>
      <marc:datafield tag="700" ind1="1" ind2=" ">
         <marc:subfield code="a">Li, Jiejun</marc:subfield>
         <marc:subfield code="e">author</marc:subfield>
         <marc:subfield code="u">Administration of Jiangxi Guanshan National Nature Reserve, Yichun 336000,
        China</marc:subfield>
      </marc:datafield>
      <marc:datafield tag="700" ind1="1" ind2=" ">
         <marc:subfield code="a">Peng, Qiaohua</marc:subfield>
         <marc:subfield code="e">author</marc:subfield>
         <marc:subfield code="u">Administration of Jiangxi Guanshan National Nature Reserve, Yichun 336000,
        China</marc:subfield>
      </marc:datafield>
      <marc:datafield tag="700" ind1="1" ind2=" ">
         <marc:subfield code="a">Gong, Chao</marc:subfield>
         <marc:subfield code="e">author</marc:subfield>
         <marc:subfield code="u">Jiangxi Province Key Laboratory for Bamboo Germplasm Resources and
        Utilization, Jiangxi Agricultural University, Nanchang 330045, China</marc:subfield>
      </marc:datafield>
      <marc:datafield tag="700" ind1="1" ind2=" ">
         <marc:subfield code="a">Wen, Renquan</marc:subfield>
         <marc:subfield code="e">author</marc:subfield>
         <marc:subfield code="u">Jiangxi Province Key Laboratory for Bamboo Germplasm Resources and
        Utilization, Jiangxi Agricultural University, Nanchang 330045, China</marc:subfield>
      </marc:datafield>
      <marc:datafield tag="700" ind1="1" ind2=" ">
         <marc:subfield code="a">Liu, Jun</marc:subfield>
         <marc:subfield code="e">author</marc:subfield>
         <marc:subfield code="u">Jiangxi Province Key Laboratory for Bamboo Germplasm Resources and
        Utilization, Jiangxi Agricultural University, Nanchang 330045, China</marc:subfield>
      </marc:datafield>
      <marc:datafield tag="700" ind1="1" ind2=" ">
         <marc:subfield code="a">Fang, Xiong</marc:subfield>
         <marc:subfield code="e">author</marc:subfield>
         <marc:subfield code="u">Jiangxi Province Key Laboratory for Bamboo Germplasm Resources and
        Utilization, Jiangxi Agricultural University, Nanchang 330045, China</marc:subfield>
      </marc:datafield>
      <marc:datafield tag="700" ind1="1" ind2=" ">
         <marc:subfield code="a">Luan, Fenggang</marc:subfield>
         <marc:subfield code="e">author</marc:subfield>
         <marc:subfield code="u">Jiangxi Province Key Laboratory for Bamboo Germplasm Resources and
        Utilization, Jiangxi Agricultural University, Nanchang 330045, China</marc:subfield>
      </marc:datafield>
      <marc:datafield tag="700" ind1="1" ind2=" ">
         <marc:subfield code="a">Song, Qingni</marc:subfield>
         <marc:subfield code="e">author</marc:subfield>
         <marc:subfield code="u">Jiangxi Province Key Laboratory for Bamboo Germplasm Resources and
        Utilization, Jiangxi Agricultural University, Nanchang 330045, China</marc:subfield>
      </marc:datafield>
      <marc:datafield tag="700" ind1="1" ind2=" ">
         <marc:subfield code="a">Yang, Qingpei</marc:subfield>
         <marc:subfield code="e">author</marc:subfield>
         <marc:subfield code="u">Jiangxi Province Key Laboratory for Bamboo Germplasm Resources and
        Utilization, Jiangxi Agricultural University, Nanchang 330045, China</marc:subfield>
      </marc:datafield>
      <marc:datafield tag="773" ind1="0" ind2=" ">
         <marc:subfield code="t">Ecological indicators.</marc:subfield>
         <marc:subfield code="g">2022 Sept., v. 142 p.109230-</marc:subfield>
         <marc:subfield code="d">Elsevier Ltd</marc:subfield>
         <marc:subfield code="w">Journal:6196</marc:subfield>
         <marc:subfield code="x">1470-160X</marc:subfield>
         <marc:subfield code="7">nnas</marc:subfield>
      </marc:datafield>
      <marc:datafield tag="787" ind1="1" ind2=" ">
         <marc:subfield code="o">islandora_article_repository</marc:subfield>
      </marc:datafield>
      <marc:datafield tag="787" ind1="1" ind2=" ">
         <marc:subfield code="o">product_pubag</marc:subfield>
      </marc:datafield>
      <marc:datafield tag="787" ind1="1" ind2=" ">
         <marc:subfield code="o">(Journal)6196</marc:subfield>
      </marc:datafield>
      <marc:datafield tag="856" ind1="4" ind2="0">
         <marc:subfield code="u">https://dx.doi.org/10.1016/j.ecolind.2022.109230</marc:subfield>
         <marc:subfield code="3">Available from publisher's site</marc:subfield>
      </marc:datafield>
      <marc:datafield tag="912" ind1=" " ind2=" ">
         <marc:subfield code="a">Article</marc:subfield>
      </marc:datafield>
      <marc:datafield tag="914" ind1=" " ind2=" ">
         <marc:subfield code="a">Journal:6196</marc:subfield>
         <marc:subfield code="b">1470-160X</marc:subfield>
         <marc:subfield code="e">109230</marc:subfield>
      </marc:datafield>
      <marc:datafield tag="914" ind1=" " ind2=" ">
         <marc:subfield code="f">Ecological indicators</marc:subfield>
      </marc:datafield>
      <marc:datafield tag="917" ind1=" " ind2=" ">
         <marc:subfield code="a">issued</marc:subfield>
      </marc:datafield>
      <marc:datafield tag="918" ind1="2" ind2=" ">
         <marc:subfield code="a">Elsevier Consyn</marc:subfield>
         <marc:subfield code="e">provider</marc:subfield>
         <marc:subfield code="5">DNAL</marc:subfield>
      </marc:datafield>
      <marc:datafield tag="935" ind1=" " ind2=" ">
         <marc:subfield code="a">IND607862507</marc:subfield>
         <marc:subfield code="9">ExL</marc:subfield>
      </marc:datafield>
      <marc:datafield tag="949" ind1=" " ind2=" ">
         <marc:subfield code="a">2022-08-03</marc:subfield>
      </marc:datafield>
      <marc:datafield tag="953" ind1=" " ind2=" ">
         <marc:subfield code="a">/data/metadata/incoming/consyn/151469736909111354-00004-HEAD-ONLY-NEW
        CONSYN ISSNS.ZIP</marc:subfield>
      </marc:datafield>
      <marc:datafield tag="954" ind1=" " ind2=" ">
         <marc:subfield code="a">file:/data/metadata/staging/consyn/S1470160X22007026.xml</marc:subfield>
      </marc:datafield>
      <marc:datafield tag="955" ind1=" " ind2=" ">
         <marc:subfield code="a">/data/metadata/staging/consyn/</marc:subfield>
      </marc:datafield>
      <marc:datafield tag="974" ind1=" " ind2=" ">
         <marc:subfield code="a">agid:7862507</marc:subfield>
      </marc:datafield>
      <marc:datafield tag="983" ind1=" " ind2=" ">
         <marc:subfield code="a">2022-09-21</marc:subfield>
      </marc:datafield>
      <marc:datafield tag="984" ind1=" " ind2=" ">
         <marc:subfield code="a">2022-09-21</marc:subfield>
      </marc:datafield>
   </marc:record>