
   <marc:record>
      <marc:leader>06614nab a2200745 u 4500</marc:leader>
      <marc:controlfield tag="001">9915646218107426</marc:controlfield>
      <marc:controlfield tag="005">20221119120951.0</marc:controlfield>
      <marc:controlfield tag="008">220421e202202 xx |||||o|||||||||||eng||</marc:controlfield>
      <marc:datafield tag="016" ind1="7" ind2=" ">
         <marc:subfield code="a">IND607624565</marc:subfield>
         <marc:subfield code="2">DNAL</marc:subfield>
      </marc:datafield>
      <marc:datafield tag="024" ind1="7" ind2=" ">
         <marc:subfield code="a">10.1016/j.ejrh.2021.100987</marc:subfield>
         <marc:subfield code="2">doi</marc:subfield>
      </marc:datafield>
      <marc:datafield tag="035" ind1=" " ind2=" ">
         <marc:subfield code="a">agid:7624565-01nal_inst</marc:subfield>
      </marc:datafield>
      <marc:datafield tag="040" ind1=" " ind2=" ">
         <marc:subfield code="a">AGL</marc:subfield>
         <marc:subfield code="b">eng</marc:subfield>
         <marc:subfield code="c">AGL</marc:subfield>
      </marc:datafield>
      <marc:datafield tag="100" ind1="1" ind2=" ">
         <marc:subfield code="a">Oussou, Francis E.</marc:subfield>
         <marc:subfield code="e">author</marc:subfield>
         <marc:subfield code="u">Laboratoire d'Hydrologie Appliquée, Institut National de l'Eau (INE),
        Université d'Abomey-Calavi, 01BP526 Cotonou, Benin</marc:subfield>
      </marc:datafield>
      <marc:datafield tag="245" ind1="1" ind2="0">
         <marc:subfield code="a">Characterization of the hydro-geological regime of fractured aquifers in
        Benin (West-Africa) using multi-satellites and models</marc:subfield>
      </marc:datafield>
      <marc:datafield tag="506" ind1=" " ind2=" ">
         <marc:subfield code="a">Creative Commons Attribution 4.0 Generic (CC BY-NC-ND 4.0)</marc:subfield>
         <marc:subfield code="u">http://creativecommons.org/licenses/by-nc-nd/4.0/</marc:subfield>
         <marc:subfield code="f">Unrestricted online access</marc:subfield>
         <marc:subfield code="2">star</marc:subfield>
      </marc:datafield>
      <marc:datafield tag="506" ind1=" " ind2=" ">
         <marc:subfield code="a">Resource is Open Access</marc:subfield>
         <marc:subfield code="u">http://purl.org/eprint/accessRights/OpenAccess</marc:subfield>
         <marc:subfield code="f">Unrestricted online access</marc:subfield>
         <marc:subfield code="2">star</marc:subfield>
      </marc:datafield>
      <marc:datafield tag="520" ind1=" " ind2=" ">
         <marc:subfield code="a">Fractured aquifers in Benin have emerged in the past decades as a critical
        resource because of the increasing domestic water needs, agriculture, and livestock
        breeding. Hence this study was undertaken in the poorly gauged and complex basement aquifers
        beneath the 9th latitude. To aid water resources management and sustainability, this study
        combined satellite remote sensing products with outputs from hydrological models and in situ
        measurement to assess the spatial and temporal patterns of water storage changes, including
        groundwater. The fractured aquifers’ hydrogeological regime is further analysed through
        monitoring wells’ series interpretation. Results show considerable inter-annual variations
        in Terrestrial Water Storage (TWS) during the study period (2003–2019). Two uptrend
        intervals characterized by wet hydrological seasons from 2006 to 2013 and 2016–2019 with
        respectively, Sen’s slope values of 1.16 mm/yr and 4.47 mm/yr were observed. However, two
        downtrend intervals represented by dry hydrological seasons with Sen’s slopes of
        − 1.01 mm/yr (2003–2006) and − 1.19 mm/yr (2013–2016) were also observed. The inter-annual
        seasonality in land water storage components showed that unlike the 4 climatic seasons, the
        hydrogeological regime is affected by 3 seasons each year. The first dry season takes place
        from January to April-May (−29.1 ± 17.7 mm/yr) followed by the wet season (April-May to
        October-November: 41.6 ± 26.4 mm/yr) and the last dry period, which is stronger (November to
        December: −53.7 ± 31.6 mm/yr). Soil moisture (SM) and canopy water content (CW) declined
        during the 2008–2016 period, coinciding with decline in Tree cover areas, which dropped by
        25.5% (3086.7 sqkm). Further from 2007 to 2014, the four monitoring wells have seen the
        groundwater level increased by, 1.44 m/yr, 2.0 m/yr, 3.2 m/yr, and 0.56 m/yr for the Affon,
        Zou, Okpara and Couffo sub-basins, respectively. The retrieved TWS and Water ‐ Global
        Assessment and Prognosis groundwater storage (WaterGap-GWS) sub-domains based on statistical
        decomposition was used to identify hidden patterns to improve knowledge on the climatic and
        hydrological conditions, which affected land water storage. Moreover, TWS, GWS and SM lost
        water 51%, 57% and 47% of the time, respectively, during the period and the storage
        potential is lower for the aquifers compared to the unsaturated zone. Precipitation is
        recognized as a primary driver of GWS (r = 0.69; α = 0.05) in the region and a change in GWS
        is more likely to drive the CW and affect the vegetation greenness. Moreover, the
        anthropogenic pressure exacerbates Tree cover loss. Additionally, the Extra Tree regressor
        performs best in the groundwater storage change ∆GWS prediction with a strong and positive
        Pearson Correlation Coefficient of 0.92. The basement aquifers assessment using the
        aforementioned approach has potential to support large-scale monitoring efforts for more
        reliable water resources management in the region.</marc:subfield>
      </marc:datafield>
      <marc:datafield tag="592" ind1=" " ind2=" ">
         <marc:subfield code="a">Publisher supplied data</marc:subfield>
      </marc:datafield>
      <marc:datafield tag="593" ind1=" " ind2=" ">
         <marc:subfield code="a">PubAg article</marc:subfield>
      </marc:datafield>
      <marc:datafield tag="650" ind1=" " ind2="3">
         <marc:subfield code="a">anthropogenic activities</marc:subfield>
      </marc:datafield>
      <marc:datafield tag="650" ind1=" " ind2="3">
         <marc:subfield code="a">canopy</marc:subfield>
      </marc:datafield>
      <marc:datafield tag="650" ind1=" " ind2="3">
         <marc:subfield code="a">decline</marc:subfield>
      </marc:datafield>
      <marc:datafield tag="650" ind1=" " ind2="3">
         <marc:subfield code="a">dry season</marc:subfield>
      </marc:datafield>
      <marc:datafield tag="650" ind1=" " ind2="3">
         <marc:subfield code="a">groundwater</marc:subfield>
      </marc:datafield>
      <marc:datafield tag="650" ind1=" " ind2="3">
         <marc:subfield code="a">livestock</marc:subfield>
      </marc:datafield>
      <marc:datafield tag="650" ind1=" " ind2="3">
         <marc:subfield code="a">prediction</marc:subfield>
      </marc:datafield>
      <marc:datafield tag="650" ind1=" " ind2="3">
         <marc:subfield code="a">prognosis</marc:subfield>
      </marc:datafield>
      <marc:datafield tag="650" ind1=" " ind2="3">
         <marc:subfield code="a">satellites</marc:subfield>
      </marc:datafield>
      <marc:datafield tag="650" ind1=" " ind2="3">
         <marc:subfield code="a">soil water</marc:subfield>
      </marc:datafield>
      <marc:datafield tag="650" ind1=" " ind2="3">
         <marc:subfield code="a">vegetation</marc:subfield>
      </marc:datafield>
      <marc:datafield tag="650" ind1=" " ind2="3">
         <marc:subfield code="a">water content</marc:subfield>
      </marc:datafield>
      <marc:datafield tag="650" ind1=" " ind2="3">
         <marc:subfield code="a">water storage</marc:subfield>
      </marc:datafield>
      <marc:datafield tag="650" ind1=" " ind2="3">
         <marc:subfield code="a">water table</marc:subfield>
      </marc:datafield>
      <marc:datafield tag="650" ind1=" " ind2="3">
         <marc:subfield code="a">wet season</marc:subfield>
      </marc:datafield>
      <marc:datafield tag="651" ind1=" " ind2="3">
         <marc:subfield code="a">Benin</marc:subfield>
      </marc:datafield>
      <marc:datafield tag="653" ind1=" " ind2="0">
         <marc:subfield code="a">Aquifers</marc:subfield>
      </marc:datafield>
      <marc:datafield tag="653" ind1=" " ind2="0">
         <marc:subfield code="a">Canopy Water</marc:subfield>
      </marc:datafield>
      <marc:datafield tag="653" ind1=" " ind2="0">
         <marc:subfield code="a">Hydrology</marc:subfield>
      </marc:datafield>
      <marc:datafield tag="653" ind1=" " ind2="0">
         <marc:subfield code="a">Terrestrial water storage</marc:subfield>
      </marc:datafield>
      <marc:datafield tag="653" ind1=" " ind2="0">
         <marc:subfield code="a">Soil moisture</marc:subfield>
      </marc:datafield>
      <marc:datafield tag="653" ind1=" " ind2="0">
         <marc:subfield code="a">Groundwater</marc:subfield>
      </marc:datafield>
      <marc:datafield tag="700" ind1="1" ind2=" ">
         <marc:subfield code="a">Ndehedehe, Christopher E.</marc:subfield>
         <marc:subfield code="e">author</marc:subfield>
         <marc:subfield code="u">School of Environment &amp; Science, Griffith University, Nathan,
        Queensland 4111, Australia</marc:subfield>
      </marc:datafield>
      <marc:datafield tag="700" ind1="1" ind2=" ">
         <marc:subfield code="a">Oloukoi, Joseph</marc:subfield>
         <marc:subfield code="e">author</marc:subfield>
         <marc:subfield code="u">African Regional Institute for Geospatial Information Science and
        Technology (AFRIGIST), Obafemi Awolowo University Campus, PMB 5546 Ile-Ife,
        Nigeria</marc:subfield>
      </marc:datafield>
      <marc:datafield tag="700" ind1="1" ind2=" ">
         <marc:subfield code="a">Yalo, Nicaise</marc:subfield>
         <marc:subfield code="e">author</marc:subfield>
         <marc:subfield code="u">Laboratoire d'Hydrologie Appliquée, Institut National de l'Eau (INE),
        Université d'Abomey-Calavi, 01BP526 Cotonou, Benin</marc:subfield>
      </marc:datafield>
      <marc:datafield tag="700" ind1="1" ind2=" ">
         <marc:subfield code="a">Boukari, Moussa</marc:subfield>
         <marc:subfield code="e">author</marc:subfield>
         <marc:subfield code="u">Laboratoire d'Hydrologie Appliquée, Institut National de l'Eau (INE),
        Université d'Abomey-Calavi, 01BP526 Cotonou, Benin</marc:subfield>
      </marc:datafield>
      <marc:datafield tag="700" ind1="1" ind2=" ">
         <marc:subfield code="a">Diaw, Amadou T.</marc:subfield>
         <marc:subfield code="e">author</marc:subfield>
         <marc:subfield code="u">Laboratoire d’Enseignement et de Recherche en Géomatique, Ecole Supérieure
        Polytechnique, Université Cheikh Anta Diop de Dakar, Senegal</marc:subfield>
      </marc:datafield>
      <marc:datafield tag="773" ind1="0" ind2=" ">
         <marc:subfield code="t">Journal of hydrology.</marc:subfield>
         <marc:subfield code="g">2022 Feb., v. 39 p.100987-</marc:subfield>
         <marc:subfield code="d">Elsevier B.V.</marc:subfield>
         <marc:subfield code="w">Journal:23229</marc:subfield>
         <marc:subfield code="x">2214-5818</marc:subfield>
         <marc:subfield code="7">nnas</marc:subfield>
      </marc:datafield>
      <marc:datafield tag="787" ind1="1" ind2=" ">
         <marc:subfield code="o">islandora_article_repository</marc:subfield>
      </marc:datafield>
      <marc:datafield tag="787" ind1="1" ind2=" ">
         <marc:subfield code="o">product_pubag</marc:subfield>
      </marc:datafield>
      <marc:datafield tag="787" ind1="1" ind2=" ">
         <marc:subfield code="o">(Journal)23229</marc:subfield>
      </marc:datafield>
      <marc:datafield tag="856" ind1="4" ind2="0">
         <marc:subfield code="u">https://dx.doi.org/10.1016/j.ejrh.2021.100987</marc:subfield>
         <marc:subfield code="3">Available from publisher's site</marc:subfield>
      </marc:datafield>
      <marc:datafield tag="912" ind1=" " ind2=" ">
         <marc:subfield code="a">Article</marc:subfield>
      </marc:datafield>
      <marc:datafield tag="914" ind1=" " ind2=" ">
         <marc:subfield code="a">Journal:23229</marc:subfield>
         <marc:subfield code="b">2214-5818</marc:subfield>
         <marc:subfield code="e">100987</marc:subfield>
      </marc:datafield>
      <marc:datafield tag="914" ind1=" " ind2=" ">
         <marc:subfield code="f">Journal of hydrology</marc:subfield>
      </marc:datafield>
      <marc:datafield tag="916" ind1=" " ind2=" ">
         <marc:subfield code="a">Batch:10228</marc:subfield>
      </marc:datafield>
      <marc:datafield tag="917" ind1=" " ind2=" ">
         <marc:subfield code="a">issued</marc:subfield>
      </marc:datafield>
      <marc:datafield tag="918" ind1="2" ind2=" ">
         <marc:subfield code="a">Elsevier Consyn</marc:subfield>
         <marc:subfield code="e">provider</marc:subfield>
         <marc:subfield code="5">DNAL</marc:subfield>
      </marc:datafield>
      <marc:datafield tag="935" ind1=" " ind2=" ">
         <marc:subfield code="a">IND607624565</marc:subfield>
         <marc:subfield code="9">ExL</marc:subfield>
      </marc:datafield>
      <marc:datafield tag="949" ind1=" " ind2=" ">
         <marc:subfield code="a">2022-02-23</marc:subfield>
      </marc:datafield>
      <marc:datafield tag="953" ind1=" " ind2=" ">
         <marc:subfield code="a">/data/metadata/incoming/consyn/165062057670917640-00003-HEAD-ONLY-NEW
        CONSYN ISSNS.zip</marc:subfield>
      </marc:datafield>
      <marc:datafield tag="954" ind1=" " ind2=" ">
         <marc:subfield code="a">file:/data/metadata/staging/consyn/S2214581821002160.xml</marc:subfield>
      </marc:datafield>
      <marc:datafield tag="955" ind1=" " ind2=" ">
         <marc:subfield code="a">/data/metadata/staging/consyn/</marc:subfield>
      </marc:datafield>
      <marc:datafield tag="974" ind1=" " ind2=" ">
         <marc:subfield code="a">agid:7624565</marc:subfield>
      </marc:datafield>
      <marc:datafield tag="983" ind1=" " ind2=" ">
         <marc:subfield code="a">2022-04-21</marc:subfield>
      </marc:datafield>
      <marc:datafield tag="984" ind1=" " ind2=" ">
         <marc:subfield code="a">2022-04-21</marc:subfield>
      </marc:datafield>
   </marc:record>