
   <marc:record>
      <marc:leader>05227nab a2200673 u 4500</marc:leader>
      <marc:controlfield tag="001">9915647643707426</marc:controlfield>
      <marc:controlfield tag="005">20221119130342.0</marc:controlfield>
      <marc:controlfield tag="008">190817e201906 xx |||||o|||||||||||eng||</marc:controlfield>
      <marc:datafield tag="016" ind1="7" ind2=" ">
         <marc:subfield code="a">IND606444305</marc:subfield>
         <marc:subfield code="2">DNAL</marc:subfield>
      </marc:datafield>
      <marc:datafield tag="024" ind1="7" ind2=" ">
         <marc:subfield code="a">10.1007/s10457-018-0205-y</marc:subfield>
         <marc:subfield code="2">doi</marc:subfield>
      </marc:datafield>
      <marc:datafield tag="035" ind1=" " ind2=" ">
         <marc:subfield code="a">agid:6444305-01nal_inst</marc:subfield>
      </marc:datafield>
      <marc:datafield tag="040" ind1=" " ind2=" ">
         <marc:subfield code="a">AGL</marc:subfield>
         <marc:subfield code="b">eng</marc:subfield>
         <marc:subfield code="c">AGL</marc:subfield>
      </marc:datafield>
      <marc:datafield tag="100" ind1="1" ind2=" ">
         <marc:subfield code="a">Salako, Valère Kolawolé</marc:subfield>
         <marc:subfield code="e">author</marc:subfield>
         <marc:subfield code="u">Laboratoire de Biomathématiques et d’Estimations Forestières, Faculté des
        Sciences Agronomiques, Université d’Abomey-Calavi, 04 BP 1525, Cotonou, Benin.
        salakovalere@gmail.com</marc:subfield>
         <marc:subfield code="1">https://orcid.org/0000-0002-7817-3687</marc:subfield>
      </marc:datafield>
      <marc:datafield tag="245" ind1="1" ind2="0">
         <marc:subfield code="a">Impacts of land use types on spatial patterns and neighbourhood distance of
        the agroforestry palm Borassus aethiopum Mart. in two climatic regions in Benin, West
        Africa</marc:subfield>
      </marc:datafield>
      <marc:datafield tag="300" ind1=" " ind2=" ">
         <marc:subfield code="a">p. 1057-1071.</marc:subfield>
      </marc:datafield>
      <marc:datafield tag="520" ind1=" " ind2=" ">
         <marc:subfield code="a">Spatial pattern (SP) and neighbourhood distance (ND) of trees are crucial
        for pollination services, in particular for dioecious species. However, land use types
        through human disturbances may affect the natural SP and ND and possibly have a negative
        effect on pollination services. Though several studies have focused on the effect of land
        use types on SP of trees, few have reported on ND. In this study, we compared SP and ND of
        the dioecious Borassus aethiopum Mart. between two land use types (protected areas vs
        farmlands) in two contrasting climatic regions (semi-arid vs sub-humid) in Benin. Trees were
        mapped in twelve plots from six populations. Pair-correlation function was used to generate
        univariate and bivariate SP and ND. Next, ANOVA was used to compare ND. While supporting the
        overall trend towards a less aggregated pattern along plant life-cycle, the study showed
        that the SP of B. aethiopum was altered from aggregated and spatial association in protected
        areas toward random and independence patterns in farmlands with increased ND among
        individuals, particularly between adult males and females. In addition, differences in ND
        between land use types varied across climatic regions, the differences being higher in the
        drier semi-arid region, thus suggesting more intense human activities in this region and
        climatic region-specific management. Management actions should mainly aim at reducing or not
        further increasing ND, particularly between female and male adult populations in farmlands
        in the semi-arid region through planting new individuals of B. aethiopum trees or limiting
        their removal but at the same time account for other tree species to maximise diversity of
        farmlands’ functions and services. Further studies should examine whether the observed
        increased ND due to human-disturbances in farmlands is detrimental for the species
        pollination services, fruit production and whether it affects the species spatio-temporal
        population genetic structuring.</marc:subfield>
      </marc:datafield>
      <marc:datafield tag="592" ind1=" " ind2=" ">
         <marc:subfield code="a">Publisher supplied data</marc:subfield>
      </marc:datafield>
      <marc:datafield tag="593" ind1=" " ind2=" ">
         <marc:subfield code="a">PubAg article</marc:subfield>
      </marc:datafield>
      <marc:datafield tag="596" ind1=" " ind2=" ">
         <marc:subfield code="a">D/5448-1</marc:subfield>
         <marc:subfield code="c">International Foundation for Science</marc:subfield>
      </marc:datafield>
      <marc:datafield tag="650" ind1=" " ind2="3">
         <marc:subfield code="a">Borassus aethiopum</marc:subfield>
      </marc:datafield>
      <marc:datafield tag="650" ind1=" " ind2="3">
         <marc:subfield code="a">adults</marc:subfield>
      </marc:datafield>
      <marc:datafield tag="650" ind1=" " ind2="3">
         <marc:subfield code="a">agricultural land</marc:subfield>
      </marc:datafield>
      <marc:datafield tag="650" ind1=" " ind2="3">
         <marc:subfield code="a">agroforestry</marc:subfield>
      </marc:datafield>
      <marc:datafield tag="650" ind1=" " ind2="3">
         <marc:subfield code="a">analysis of variance</marc:subfield>
      </marc:datafield>
      <marc:datafield tag="650" ind1=" " ind2="3">
         <marc:subfield code="a">conservation areas</marc:subfield>
      </marc:datafield>
      <marc:datafield tag="650" ind1=" " ind2="3">
         <marc:subfield code="a">dioecy</marc:subfield>
      </marc:datafield>
      <marc:datafield tag="650" ind1=" " ind2="3">
         <marc:subfield code="a">females</marc:subfield>
      </marc:datafield>
      <marc:datafield tag="650" ind1=" " ind2="3">
         <marc:subfield code="a">fruits</marc:subfield>
      </marc:datafield>
      <marc:datafield tag="650" ind1=" " ind2="3">
         <marc:subfield code="a">humans</marc:subfield>
      </marc:datafield>
      <marc:datafield tag="650" ind1=" " ind2="3">
         <marc:subfield code="a">land use</marc:subfield>
      </marc:datafield>
      <marc:datafield tag="650" ind1=" " ind2="3">
         <marc:subfield code="a">males</marc:subfield>
      </marc:datafield>
      <marc:datafield tag="650" ind1=" " ind2="3">
         <marc:subfield code="a">planting</marc:subfield>
      </marc:datafield>
      <marc:datafield tag="650" ind1=" " ind2="3">
         <marc:subfield code="a">pollination</marc:subfield>
      </marc:datafield>
      <marc:datafield tag="650" ind1=" " ind2="3">
         <marc:subfield code="a">semiarid zones</marc:subfield>
      </marc:datafield>
      <marc:datafield tag="650" ind1=" " ind2="3">
         <marc:subfield code="a">trees</marc:subfield>
      </marc:datafield>
      <marc:datafield tag="651" ind1=" " ind2="3">
         <marc:subfield code="a">Benin</marc:subfield>
      </marc:datafield>
      <marc:datafield tag="700" ind1="1" ind2=" ">
         <marc:subfield code="a">Kénou, Christel</marc:subfield>
         <marc:subfield code="e">author</marc:subfield>
         <marc:subfield code="u">Laboratoire de Biomathématiques et d’Estimations Forestières, Faculté des
        Sciences Agronomiques, Université d’Abomey-Calavi, 04 BP 1525, Cotonou, Benin</marc:subfield>
      </marc:datafield>
      <marc:datafield tag="700" ind1="1" ind2=" ">
         <marc:subfield code="a">Dainou, Kasso</marc:subfield>
         <marc:subfield code="e">author</marc:subfield>
         <marc:subfield code="u">Unité de Gestion des Ressources Forestières et des Milieux Naturels,
        Laboratoire de Foresterie des Régions Tropicales et Subtropicales, Université de Liège -
        Gembloux Agro-Bio Tech, Passage des Déportés, 2, 5030, Gembloux, Belgium</marc:subfield>
      </marc:datafield>
      <marc:datafield tag="700" ind1="1" ind2=" ">
         <marc:subfield code="a">Assogbadjo, Achille Ephrem</marc:subfield>
         <marc:subfield code="e">author</marc:subfield>
         <marc:subfield code="u">Laboratoire de Biomathématiques et d’Estimations Forestières, Faculté des
        Sciences Agronomiques, Université d’Abomey-Calavi, 04 BP 1525, Cotonou, Benin</marc:subfield>
      </marc:datafield>
      <marc:datafield tag="700" ind1="1" ind2=" ">
         <marc:subfield code="a">Glèlè Kakaï, Romain</marc:subfield>
         <marc:subfield code="e">author</marc:subfield>
         <marc:subfield code="u">Laboratoire de Biomathématiques et d’Estimations Forestières, Faculté des
        Sciences Agronomiques, Université d’Abomey-Calavi, 04 BP 1525, Cotonou, Benin</marc:subfield>
      </marc:datafield>
      <marc:datafield tag="773" ind1="0" ind2=" ">
         <marc:subfield code="t">Agroforestry systems.</marc:subfield>
         <marc:subfield code="g">2019 June, v. 93, no. 3 p.1057-1071</marc:subfield>
         <marc:subfield code="d">Springer Netherlands</marc:subfield>
         <marc:subfield code="w">Journal:jnl34245</marc:subfield>
         <marc:subfield code="x">0167-4366</marc:subfield>
         <marc:subfield code="7">nnas</marc:subfield>
      </marc:datafield>
      <marc:datafield tag="787" ind1="1" ind2=" ">
         <marc:subfield code="o">islandora_article_repository</marc:subfield>
      </marc:datafield>
      <marc:datafield tag="787" ind1="1" ind2=" ">
         <marc:subfield code="o">product_pubag</marc:subfield>
      </marc:datafield>
      <marc:datafield tag="787" ind1="1" ind2=" ">
         <marc:subfield code="o">(Journal)jnl34245</marc:subfield>
      </marc:datafield>
      <marc:datafield tag="856" ind1="4" ind2="0">
         <marc:subfield code="u">https://dx.doi.org/10.1007/s10457-018-0205-y</marc:subfield>
         <marc:subfield code="3">Available from publisher's site</marc:subfield>
      </marc:datafield>
      <marc:datafield tag="912" ind1=" " ind2=" ">
         <marc:subfield code="a">Article</marc:subfield>
      </marc:datafield>
      <marc:datafield tag="914" ind1=" " ind2=" ">
         <marc:subfield code="a">Journal:jnl34245</marc:subfield>
         <marc:subfield code="b">0167-4366</marc:subfield>
         <marc:subfield code="c">93</marc:subfield>
         <marc:subfield code="d">3</marc:subfield>
         <marc:subfield code="e">1057</marc:subfield>
      </marc:datafield>
      <marc:datafield tag="914" ind1=" " ind2=" ">
         <marc:subfield code="f">Agroforestry systems</marc:subfield>
      </marc:datafield>
      <marc:datafield tag="916" ind1=" " ind2=" ">
         <marc:subfield code="a">Batch:2228</marc:subfield>
      </marc:datafield>
      <marc:datafield tag="917" ind1=" " ind2=" ">
         <marc:subfield code="a">issued</marc:subfield>
      </marc:datafield>
      <marc:datafield tag="918" ind1="2" ind2=" ">
         <marc:subfield code="a">Springer</marc:subfield>
         <marc:subfield code="e">provider</marc:subfield>
         <marc:subfield code="5">DNAL</marc:subfield>
      </marc:datafield>
      <marc:datafield tag="935" ind1=" " ind2=" ">
         <marc:subfield code="a">IND606444305</marc:subfield>
         <marc:subfield code="9">ExL</marc:subfield>
      </marc:datafield>
      <marc:datafield tag="949" ind1=" " ind2=" ">
         <marc:subfield code="a">2019-08-17</marc:subfield>
      </marc:datafield>
      <marc:datafield tag="953" ind1=" " ind2=" ">
         <marc:subfield code="a">/data/metadata/incoming/springer/ftp_PUB_19-08-17_05-58-50.zip</marc:subfield>
      </marc:datafield>
      <marc:datafield tag="954" ind1=" " ind2=" ">
         <marc:subfield code="a">file:/data/metadata/staging/springer/10457-93-3.xml</marc:subfield>
      </marc:datafield>
      <marc:datafield tag="955" ind1=" " ind2=" ">
         <marc:subfield code="a">/data/metadata/staging/springer/</marc:subfield>
      </marc:datafield>
      <marc:datafield tag="974" ind1=" " ind2=" ">
         <marc:subfield code="a">agid:6444305</marc:subfield>
      </marc:datafield>
      <marc:datafield tag="983" ind1=" " ind2=" ">
         <marc:subfield code="a">2019-08-17</marc:subfield>
      </marc:datafield>
      <marc:datafield tag="984" ind1=" " ind2=" ">
         <marc:subfield code="a">2019-08-17</marc:subfield>
      </marc:datafield>
   </marc:record>