
   <marc:record>
      <marc:leader>03655nab a2200673 u 4500</marc:leader>
      <marc:controlfield tag="001">9915648680807426</marc:controlfield>
      <marc:controlfield tag="005">20221119133509.0</marc:controlfield>
      <marc:controlfield tag="008">050715e200506 xx |||||o|||||||||||eng||</marc:controlfield>
      <marc:datafield tag="016" ind1="7" ind2=" ">
         <marc:subfield code="a">IND43723423</marc:subfield>
         <marc:subfield code="2">DNAL</marc:subfield>
      </marc:datafield>
      <marc:datafield tag="035" ind1=" " ind2=" ">
         <marc:subfield code="a">agid:2756596-01nal_inst</marc:subfield>
      </marc:datafield>
      <marc:datafield tag="040" ind1=" " ind2=" ">
         <marc:subfield code="a">AGL</marc:subfield>
         <marc:subfield code="b">eng</marc:subfield>
         <marc:subfield code="c">AGL</marc:subfield>
      </marc:datafield>
      <marc:datafield tag="072" ind1=" " ind2="0">
         <marc:subfield code="a"> F300 </marc:subfield>
      </marc:datafield>
      <marc:datafield tag="072" ind1=" " ind2="0">
         <marc:subfield code="a"> K001 </marc:subfield>
      </marc:datafield>
      <marc:datafield tag="072" ind1=" " ind2="0">
         <marc:subfield code="a"> F600 </marc:subfield>
      </marc:datafield>
      <marc:datafield tag="072" ind1=" " ind2="0">
         <marc:subfield code="a"> B200 </marc:subfield>
      </marc:datafield>
      <marc:datafield tag="072" ind1=" " ind2="0">
         <marc:subfield code="a"> K800 </marc:subfield>
      </marc:datafield>
      <marc:datafield tag="100" ind1="1" ind2=" ">
         <marc:subfield code="a">North, M.</marc:subfield>
      </marc:datafield>
      <marc:datafield tag="245" ind1="1" ind2="0">
         <marc:subfield code="a">Influence of fire and El Nino on tree recruitment varies by species in
        Sierran mixed conifer</marc:subfield>
      </marc:datafield>
      <marc:datafield tag="300" ind1=" " ind2=" ">
         <marc:subfield code="a">p. 187-197.</marc:subfield>
      </marc:datafield>
      <marc:datafield tag="500" ind1=" " ind2=" ">
         <marc:subfield code="a">In the special issue: Sierran Mixed-Conifer Research.</marc:subfield>
      </marc:datafield>
      <marc:datafield tag="520" ind1=" " ind2=" ">
         <marc:subfield code="a">The influence of fire and climate events on age structure of different
        species was examined in old-growth mixed conifer in the southern Sierra Nevada. Within a
        48-ha stem-mapped sample area, after a mechanical thinning, all stumps were examined for
        fire scars and 526 stumps were cut to ground level and aged. Before 1865, which was the last
        widespread fire event, the mean interval between scars for an individual tree was 17.3 years
        and the mean fire return interval for the period with the greatest number of recording trees
        was 11.4 years. A significantly greater than expected number of fires occurred in dry La
        Niña years, but these fires were not significantly larger in size than fires in other years.
        The response of mixed-conifer recruitment to climate and fire events varied by species.
        Before 1865, Jeffrey pine and sugar pine recruitment were correlated with wet El Niño years,
        but only sugar pine establishment was associated with fire. Red fir recruitment did not
        follow fire events but was associated with El Niño years before and after 1865. Most white
        fir and incense cedar (84%), including many large-diameter trees (&gt;76 cm dbh), recruited
        after the last widespread fire in 1865. Although tree distribution is clustered in the
        southern Sierra Nevada, mixed-conifer groups are not age cohorts because species have
        different recruitment patterns relative to climate and fire events. In mixed conifer,
        top-down effects of fire and weather on recruitment are mediated by different species
        responses to these effects and within-stand differences in where species are
        located.</marc:subfield>
      </marc:datafield>
      <marc:datafield tag="650" ind1=" " ind2="3">
         <marc:subfield code="a">mixed forests</marc:subfield>
      </marc:datafield>
      <marc:datafield tag="650" ind1=" " ind2="3">
         <marc:subfield code="a">coniferous forests</marc:subfield>
      </marc:datafield>
      <marc:datafield tag="650" ind1=" " ind2="3">
         <marc:subfield code="a">old-growth forests</marc:subfield>
      </marc:datafield>
      <marc:datafield tag="650" ind1=" " ind2="3">
         <marc:subfield code="a">forest trees</marc:subfield>
      </marc:datafield>
      <marc:datafield tag="650" ind1=" " ind2="3">
         <marc:subfield code="a">Abies concolor</marc:subfield>
      </marc:datafield>
      <marc:datafield tag="650" ind1=" " ind2="3">
         <marc:subfield code="a">Abies magnifica</marc:subfield>
      </marc:datafield>
      <marc:datafield tag="650" ind1=" " ind2="3">
         <marc:subfield code="a">Calocedrus decurrens</marc:subfield>
      </marc:datafield>
      <marc:datafield tag="650" ind1=" " ind2="3">
         <marc:subfield code="a">Pinus jeffreyi</marc:subfield>
      </marc:datafield>
      <marc:datafield tag="650" ind1=" " ind2="3">
         <marc:subfield code="a">Pinus lambertiana</marc:subfield>
      </marc:datafield>
      <marc:datafield tag="650" ind1=" " ind2="3">
         <marc:subfield code="a">forest stand establishment</marc:subfield>
      </marc:datafield>
      <marc:datafield tag="650" ind1=" " ind2="3">
         <marc:subfield code="a">age structure</marc:subfield>
      </marc:datafield>
      <marc:datafield tag="650" ind1=" " ind2="3">
         <marc:subfield code="a">climatic factors</marc:subfield>
      </marc:datafield>
      <marc:datafield tag="650" ind1=" " ind2="3">
         <marc:subfield code="a">microclimate</marc:subfield>
      </marc:datafield>
      <marc:datafield tag="650" ind1=" " ind2="3">
         <marc:subfield code="a">forest fires</marc:subfield>
      </marc:datafield>
      <marc:datafield tag="650" ind1=" " ind2="3">
         <marc:subfield code="a">spatial distribution</marc:subfield>
      </marc:datafield>
      <marc:datafield tag="650" ind1=" " ind2="3">
         <marc:subfield code="a">topography</marc:subfield>
      </marc:datafield>
      <marc:datafield tag="651" ind1=" " ind2="3">
         <marc:subfield code="a">California</marc:subfield>
      </marc:datafield>
      <marc:datafield tag="653" ind1=" " ind2="0">
         <marc:subfield code="a">Sierra Nevada</marc:subfield>
      </marc:datafield>
      <marc:datafield tag="700" ind1="1" ind2=" ">
         <marc:subfield code="a">Hurteau, M.</marc:subfield>
      </marc:datafield>
      <marc:datafield tag="700" ind1="1" ind2=" ">
         <marc:subfield code="a">Fiegener, R.</marc:subfield>
      </marc:datafield>
      <marc:datafield tag="700" ind1="1" ind2=" ">
         <marc:subfield code="a">Barbour, M.</marc:subfield>
      </marc:datafield>
      <marc:datafield tag="773" ind1="0" ind2=" ">
         <marc:subfield code="t">Forest science.</marc:subfield>
         <marc:subfield code="g">2005 June, v. 51, no. 3 p.187-197</marc:subfield>
         <marc:subfield code="x">0015-749X</marc:subfield>
         <marc:subfield code="7">nnas</marc:subfield>
      </marc:datafield>
      <marc:datafield tag="787" ind1="1" ind2=" ">
         <marc:subfield code="o">islandora_article_repository</marc:subfield>
      </marc:datafield>
      <marc:datafield tag="787" ind1="1" ind2=" ">
         <marc:subfield code="o">(Journal)jnl45979</marc:subfield>
      </marc:datafield>
      <marc:datafield tag="852" ind1=" " ind2=" ">
         <marc:subfield code="a">DNAL</marc:subfield>
      </marc:datafield>
      <marc:datafield tag="912" ind1=" " ind2=" ">
         <marc:subfield code="a">Article</marc:subfield>
      </marc:datafield>
      <marc:datafield tag="914" ind1=" " ind2=" ">
         <marc:subfield code="a">Journal:jnl45979</marc:subfield>
      </marc:datafield>
      <marc:datafield tag="914" ind1=" " ind2=" ">
         <marc:subfield code="f">Forest science</marc:subfield>
      </marc:datafield>
      <marc:datafield tag="917" ind1=" " ind2=" ">
         <marc:subfield code="a">issued</marc:subfield>
      </marc:datafield>
      <marc:datafield tag="930" ind1=" " ind2=" ">
         <marc:subfield code="a">20080701</marc:subfield>
         <marc:subfield code="b">20080704</marc:subfield>
         <marc:subfield code="c">00000000</marc:subfield>
      </marc:datafield>
      <marc:datafield tag="935" ind1=" " ind2=" ">
         <marc:subfield code="a">IND43723423</marc:subfield>
         <marc:subfield code="9">ExL</marc:subfield>
      </marc:datafield>
      <marc:datafield tag="945" ind1=" " ind2=" ">
         <marc:subfield code="a">IND</marc:subfield>
         <marc:subfield code="d">GAY</marc:subfield>
         <marc:subfield code="e">2005/07/25</marc:subfield>
      </marc:datafield>
      <marc:datafield tag="946" ind1=" " ind2=" ">
         <marc:subfield code="a">Other US</marc:subfield>
      </marc:datafield>
      <marc:datafield tag="952" ind1=" " ind2=" ">
         <marc:subfield code="a">20080701 20080704 00000000</marc:subfield>
         <marc:subfield code="b">IND GAY 2005/07/25</marc:subfield>
      </marc:datafield>
      <marc:datafield tag="974" ind1=" " ind2=" ">
         <marc:subfield code="a">agid:2756596</marc:subfield>
      </marc:datafield>
      <marc:datafield tag="984" ind1=" " ind2=" ">
         <marc:subfield code="a">2014-12-22</marc:subfield>
      </marc:datafield>
      <marc:datafield tag="985" ind1=" " ind2=" ">
         <marc:subfield code="a">Converted from MARCXML to MODS version 3.4 using MARC21slim2MODS3-4.xsl
        (Revision 1.95 2014/04/23)</marc:subfield>
      </marc:datafield>
      <marc:datafield tag="986" ind1=" " ind2=" ">
         <marc:subfield code="a">3723423</marc:subfield>
      </marc:datafield>
   </marc:record>