
   <marc:record>
      <marc:leader>04147nab a2200721 u 4500</marc:leader>
      <marc:controlfield tag="001">9915648693407426</marc:controlfield>
      <marc:controlfield tag="005">20221119133737.0</marc:controlfield>
      <marc:controlfield tag="008">041217e200406 xx |||||o|||||||||||eng||</marc:controlfield>
      <marc:datafield tag="016" ind1="7" ind2=" ">
         <marc:subfield code="a">IND43661079</marc:subfield>
         <marc:subfield code="2">DNAL</marc:subfield>
      </marc:datafield>
      <marc:datafield tag="035" ind1=" " ind2=" ">
         <marc:subfield code="a">agid:2756561-01nal_inst</marc:subfield>
      </marc:datafield>
      <marc:datafield tag="040" ind1=" " ind2=" ">
         <marc:subfield code="a">AGL</marc:subfield>
         <marc:subfield code="b">eng</marc:subfield>
         <marc:subfield code="c">AGL</marc:subfield>
      </marc:datafield>
      <marc:datafield tag="072" ind1=" " ind2="0">
         <marc:subfield code="a"> F300 </marc:subfield>
      </marc:datafield>
      <marc:datafield tag="072" ind1=" " ind2="0">
         <marc:subfield code="a"> K001 </marc:subfield>
      </marc:datafield>
      <marc:datafield tag="072" ind1=" " ind2="0">
         <marc:subfield code="a"> F600 </marc:subfield>
      </marc:datafield>
      <marc:datafield tag="072" ind1=" " ind2="0">
         <marc:subfield code="a"> K810 </marc:subfield>
      </marc:datafield>
      <marc:datafield tag="100" ind1="1" ind2=" ">
         <marc:subfield code="a">North, M.</marc:subfield>
      </marc:datafield>
      <marc:datafield tag="245" ind1="1" ind2="0">
         <marc:subfield code="a">Forest stand structure and pattern of old-growth western
        hemlock/Douglas-fir and mixed-conifer forests</marc:subfield>
      </marc:datafield>
      <marc:datafield tag="300" ind1=" " ind2=" ">
         <marc:subfield code="a">p. 299-311.</marc:subfield>
      </marc:datafield>
      <marc:datafield tag="500" ind1=" " ind2=" ">
         <marc:subfield code="a">In the special issue: Canopy research</marc:subfield>
      </marc:datafield>
      <marc:datafield tag="500" ind1=" " ind2=" ">
         <marc:subfield code="a">2019-12-05</marc:subfield>
      </marc:datafield>
      <marc:datafield tag="520" ind1=" " ind2=" ">
         <marc:subfield code="a">With fire suppression, many western forests are expected to have fewer gaps
        and higher stem density of shade-tolerant species as light competition becomes a more
        significant influence on stand pattern and composition. We compared species composition,
        structure, spatial pattern, and environmental factors such as light and soil moisture
        between two old-growth forests: Pacific Northwest western hemlock/Douglas-fir at the Wind
        River Canopy Crane Research Facility exhibiting gap-phase replacement and southern Sierra
        Nevada mixed conifer at the Teakettle Experimental Forest after 135 years without a fire. We
        hypothesized that fire suppression at Teakettle would create a current tree composition and
        distribution more like Wind River where light is an important influence on stand dynamics.
        Wind River has nearly continuous canopy cover and a high foliage volume that severely
        reduces understory light and stratifies the canopy composition by shade tolerance. Large
        trees are regularly spaced from 0 to 15 m and shade-tolerant and intolerant species are
        "repelled." In contrast, Teakettle's canopy cover is discontinuous, foliage volume is
        one-fifth that of Wind River, and understory light is 15 times higher. Trees at Teakettle
        are significantly clustered in groups containing a mix of shade-tolerant and -intolerant
        species, separated by large gaps. Although Teakettle's gaps have higher moisture and a
        thinner litter layer than tree groups, regeneration in gaps is scarce. Fire suppression has
        increased stem density at Teakettle but it has not filled in gaps, stratified the canopy by
        shade tolerance, or produced a composition consistent with patterns at Wind River.
        Teakettle's distinctly clustered stem distribution may result from a minimum canopy cover
        threshold needed for tree establishment. If high temperatures produced by direct sunlight
        inhibit stem patterns, traditional stand management that reduces canopy cover to release
        regeneration should be applied with caution in the southern Sierra Nevada.</marc:subfield>
      </marc:datafield>
      <marc:datafield tag="650" ind1=" " ind2="3">
         <marc:subfield code="a">cartography</marc:subfield>
      </marc:datafield>
      <marc:datafield tag="650" ind1=" " ind2="3">
         <marc:subfield code="a">soil water content</marc:subfield>
      </marc:datafield>
      <marc:datafield tag="650" ind1=" " ind2="3">
         <marc:subfield code="a">shade tolerance</marc:subfield>
      </marc:datafield>
      <marc:datafield tag="650" ind1=" " ind2="3">
         <marc:subfield code="a">mixed forests</marc:subfield>
      </marc:datafield>
      <marc:datafield tag="650" ind1=" " ind2="3">
         <marc:subfield code="a">spatial distribution</marc:subfield>
      </marc:datafield>
      <marc:datafield tag="650" ind1=" " ind2="3">
         <marc:subfield code="a">stems</marc:subfield>
      </marc:datafield>
      <marc:datafield tag="650" ind1=" " ind2="3">
         <marc:subfield code="a">coniferous forests</marc:subfield>
      </marc:datafield>
      <marc:datafield tag="650" ind1=" " ind2="3">
         <marc:subfield code="a">forest stands</marc:subfield>
      </marc:datafield>
      <marc:datafield tag="650" ind1=" " ind2="3">
         <marc:subfield code="a">environmental factors</marc:subfield>
      </marc:datafield>
      <marc:datafield tag="650" ind1=" " ind2="3">
         <marc:subfield code="a">forest fire management</marc:subfield>
      </marc:datafield>
      <marc:datafield tag="650" ind1=" " ind2="3">
         <marc:subfield code="a">canopy gaps</marc:subfield>
      </marc:datafield>
      <marc:datafield tag="650" ind1=" " ind2="3">
         <marc:subfield code="a">Pseudotsuga menziesii</marc:subfield>
      </marc:datafield>
      <marc:datafield tag="650" ind1=" " ind2="3">
         <marc:subfield code="a">stand basal area</marc:subfield>
      </marc:datafield>
      <marc:datafield tag="650" ind1=" " ind2="3">
         <marc:subfield code="a">Tsuga heterophylla</marc:subfield>
      </marc:datafield>
      <marc:datafield tag="650" ind1=" " ind2="3">
         <marc:subfield code="a">stand structure</marc:subfield>
      </marc:datafield>
      <marc:datafield tag="650" ind1=" " ind2="3">
         <marc:subfield code="a">light</marc:subfield>
      </marc:datafield>
      <marc:datafield tag="651" ind1=" " ind2="3">
         <marc:subfield code="a">California</marc:subfield>
      </marc:datafield>
      <marc:datafield tag="651" ind1=" " ind2="0">
         <marc:subfield code="a">Washington</marc:subfield>
      </marc:datafield>
      <marc:datafield tag="653" ind1=" " ind2="0">
         <marc:subfield code="a">basal area</marc:subfield>
      </marc:datafield>
      <marc:datafield tag="700" ind1="1" ind2=" ">
         <marc:subfield code="a">Chen, J.</marc:subfield>
      </marc:datafield>
      <marc:datafield tag="700" ind1="1" ind2=" ">
         <marc:subfield code="a">Oakley, B.</marc:subfield>
      </marc:datafield>
      <marc:datafield tag="700" ind1="1" ind2=" ">
         <marc:subfield code="a">Song, B.</marc:subfield>
      </marc:datafield>
      <marc:datafield tag="700" ind1="1" ind2=" ">
         <marc:subfield code="a">Rudnicki, M.</marc:subfield>
      </marc:datafield>
      <marc:datafield tag="700" ind1="1" ind2=" ">
         <marc:subfield code="a">Gray, A.</marc:subfield>
      </marc:datafield>
      <marc:datafield tag="700" ind1="1" ind2=" ">
         <marc:subfield code="a">Innes, J.</marc:subfield>
      </marc:datafield>
      <marc:datafield tag="773" ind1="0" ind2=" ">
         <marc:subfield code="t">Forest science.</marc:subfield>
         <marc:subfield code="g">2004 June, v. 50, no. 3 p.299-311</marc:subfield>
         <marc:subfield code="x">0015-749X</marc:subfield>
         <marc:subfield code="7">nnas</marc:subfield>
      </marc:datafield>
      <marc:datafield tag="787" ind1="1" ind2=" ">
         <marc:subfield code="o">islandora_article_repository</marc:subfield>
      </marc:datafield>
      <marc:datafield tag="787" ind1="1" ind2=" ">
         <marc:subfield code="o">(Journal)jnl45979</marc:subfield>
      </marc:datafield>
      <marc:datafield tag="852" ind1=" " ind2=" ">
         <marc:subfield code="a">DNAL</marc:subfield>
      </marc:datafield>
      <marc:datafield tag="912" ind1=" " ind2=" ">
         <marc:subfield code="a">Article</marc:subfield>
      </marc:datafield>
      <marc:datafield tag="914" ind1=" " ind2=" ">
         <marc:subfield code="a">Journal:jnl45979</marc:subfield>
      </marc:datafield>
      <marc:datafield tag="914" ind1=" " ind2=" ">
         <marc:subfield code="f">Forest science</marc:subfield>
      </marc:datafield>
      <marc:datafield tag="917" ind1=" " ind2=" ">
         <marc:subfield code="a">issued</marc:subfield>
      </marc:datafield>
      <marc:datafield tag="930" ind1=" " ind2=" ">
         <marc:subfield code="a">20050111</marc:subfield>
         <marc:subfield code="b">20050130</marc:subfield>
         <marc:subfield code="c">00000000</marc:subfield>
      </marc:datafield>
      <marc:datafield tag="935" ind1=" " ind2=" ">
         <marc:subfield code="a">IND43661079</marc:subfield>
         <marc:subfield code="9">ExL</marc:subfield>
      </marc:datafield>
      <marc:datafield tag="945" ind1=" " ind2=" ">
         <marc:subfield code="a">IND</marc:subfield>
         <marc:subfield code="d">GAY</marc:subfield>
         <marc:subfield code="e">2005/01/11</marc:subfield>
      </marc:datafield>
      <marc:datafield tag="946" ind1=" " ind2=" ">
         <marc:subfield code="a">Other US</marc:subfield>
      </marc:datafield>
      <marc:datafield tag="952" ind1=" " ind2=" ">
         <marc:subfield code="a">20050111 20050130 00000000</marc:subfield>
         <marc:subfield code="b">IND GAY 2005/01/11</marc:subfield>
      </marc:datafield>
      <marc:datafield tag="974" ind1=" " ind2=" ">
         <marc:subfield code="a">agid:2756561</marc:subfield>
      </marc:datafield>
      <marc:datafield tag="984" ind1=" " ind2=" ">
         <marc:subfield code="a">2014-12-22</marc:subfield>
      </marc:datafield>
      <marc:datafield tag="985" ind1=" " ind2=" ">
         <marc:subfield code="a">Converted from MARCXML to MODS version 3.4 using MARC21slim2MODS3-4.xsl
        (Revision 1.95 2014/04/23)</marc:subfield>
      </marc:datafield>
      <marc:datafield tag="986" ind1=" " ind2=" ">
         <marc:subfield code="a">3661079</marc:subfield>
      </marc:datafield>
   </marc:record>