
   <marc:record>
      <marc:leader>03812nab a2200361 u 4500</marc:leader>
      <marc:controlfield tag="001">9915984289007426</marc:controlfield>
      <marc:controlfield tag="005">20221122202931.0</marc:controlfield>
      <marc:controlfield tag="008">151104e200807 xx |||||o|||||||||||eng||</marc:controlfield>
      <marc:datafield tag="016" ind1="7" ind2=" ">
         <marc:subfield code="a">IND601255689</marc:subfield>
         <marc:subfield code="2">DNAL</marc:subfield>
      </marc:datafield>
      <marc:datafield tag="024" ind1="7" ind2=" ">
         <marc:subfield code="a">10.4039/n07-LS06</marc:subfield>
         <marc:subfield code="2">doi</marc:subfield>
      </marc:datafield>
      <marc:datafield tag="035" ind1=" " ind2=" ">
         <marc:subfield code="a">agid:1255689-01nal_inst</marc:subfield>
      </marc:datafield>
      <marc:datafield tag="040" ind1=" " ind2=" ">
         <marc:subfield code="a">AGL</marc:subfield>
         <marc:subfield code="b">eng</marc:subfield>
         <marc:subfield code="c">AGL</marc:subfield>
      </marc:datafield>
      <marc:datafield tag="100" ind1="1" ind2=" ">
         <marc:subfield code="a">Summerville, Keith S.</marc:subfield>
         <marc:subfield code="e">author</marc:subfield>
         <marc:subfield code="u">Department of Environmental Science and Policy, Drake University, Des
        Moines, Iowa 50311, United States of America</marc:subfield>
      </marc:datafield>
      <marc:datafield tag="245" ind1="1" ind2="0">
         <marc:subfield code="a">Structure and conservation of lepidopteran communities in managed forests
        of northeastern North America: a review1</marc:subfield>
      </marc:datafield>
      <marc:datafield tag="300" ind1=" " ind2=" ">
         <marc:subfield code="a">p. 475-494.</marc:subfield>
      </marc:datafield>
      <marc:datafield tag="520" ind1=" " ind2=" ">
         <marc:subfield code="a">We review the existing literature on patterns of moth (Lepidoptera) species
        richness and community composition in northeastern Nearctic forest ecosystems across
        hierarchical scales ranging from individual trees to entire managed ecoregions. Moths are
        species-rich in northeastern forests of North America, with the most diverse families being
        Noctuidae and Geometridae. Individual trees and forest stands, however, are often dominated
        by few species. Climate, stand age, disturbance regime, and landscape heterogeneity are
        significant predictors of abundance of dominant species. Most other moth species in the
        regional pool are patchily distributed and appear to occur regularly at very low abundance.
        Moth communities respond predictably to forest-management practices, and the outcomes of
        postmanagement response are largely driven by changes in the plant community. Significant
        reductions in moth species richness and changes in community composition are correlated with
        clear-cut harvesting, whereas selective logging appears to cause more moderate changes in
        moth community structure. Broad-scale effects of forest fragmentation on moth communities in
        unglaciated regions are best described by species replacement rather than species loss; moth
        species richness decreases slightly across a gradient of fragment sizes, but shifts in moth
        community composition are more important, especially in the relative importance of
        herbaceous-plant-feeding species in large and small fragments. Species that appear to be
        most sensitive to timber management or habitat loss are dietary specialists as larvae,
        dispersal-limited as adults, or dependent on commercially valuable tree species such as
        oaks, Quercus L. (Fagaceae). Restored forest stands tend to converge in terms of
        lepidopteran species dominance and diversity among stands, suggesting that the long-term
        consequences of timber management or habitat loss include a significant reduction of
        regional ββ-diversity. Finally, future research on forest Lepidoptera should include an
        emphasis on understanding the role of urban woodland habitat in retaining viable and diverse
        moth communities and how the spatial pattern of timber harvest affects the relative
        magnitude of αα- and ββ-diversity components within a given ecoregion.</marc:subfield>
      </marc:datafield>
      <marc:datafield tag="592" ind1=" " ind2=" ">
         <marc:subfield code="a">Publisher supplied data</marc:subfield>
      </marc:datafield>
      <marc:datafield tag="700" ind1="1" ind2=" ">
         <marc:subfield code="a">Crist, Thomas O.</marc:subfield>
         <marc:subfield code="e">author</marc:subfield>
         <marc:subfield code="u">Department of Zoology, Miami University, Oxford, Ohio 45056, United States
        of America</marc:subfield>
      </marc:datafield>
      <marc:datafield tag="773" ind1="0" ind2=" ">
         <marc:subfield code="t">Canadian entomologist.</marc:subfield>
         <marc:subfield code="g">2008 July, v. 140, no. 4 p.475-494</marc:subfield>
         <marc:subfield code="d">Entomological Society of Canada</marc:subfield>
         <marc:subfield code="x">0008-347X</marc:subfield>
         <marc:subfield code="7">nnas</marc:subfield>
      </marc:datafield>
      <marc:datafield tag="787" ind1="1" ind2=" ">
         <marc:subfield code="o">islandora_article_repository</marc:subfield>
      </marc:datafield>
      <marc:datafield tag="787" ind1="1" ind2=" ">
         <marc:subfield code="o">(Journal)jnl46139</marc:subfield>
      </marc:datafield>
      <marc:datafield tag="856" ind1="4" ind2="0">
         <marc:subfield code="u">http://dx.doi.org/10.4039%2Fn07-LS06</marc:subfield>
         <marc:subfield code="3">Available from publisher's site</marc:subfield>
      </marc:datafield>
      <marc:datafield tag="912" ind1=" " ind2=" ">
         <marc:subfield code="a">Article</marc:subfield>
      </marc:datafield>
      <marc:datafield tag="914" ind1=" " ind2=" ">
         <marc:subfield code="a">Journal:jnl46139</marc:subfield>
         <marc:subfield code="b">0008-347X</marc:subfield>
         <marc:subfield code="c">140</marc:subfield>
         <marc:subfield code="d">4</marc:subfield>
         <marc:subfield code="e">475</marc:subfield>
      </marc:datafield>
      <marc:datafield tag="914" ind1=" " ind2=" ">
         <marc:subfield code="f">Canadian entomologist</marc:subfield>
      </marc:datafield>
      <marc:datafield tag="917" ind1=" " ind2=" ">
         <marc:subfield code="a">hold</marc:subfield>
      </marc:datafield>
      <marc:datafield tag="918" ind1="2" ind2=" ">
         <marc:subfield code="a">BioOne</marc:subfield>
         <marc:subfield code="e">provider</marc:subfield>
         <marc:subfield code="5">DNAL</marc:subfield>
      </marc:datafield>
      <marc:datafield tag="935" ind1=" " ind2=" ">
         <marc:subfield code="a">IND601255689</marc:subfield>
         <marc:subfield code="9">ExL</marc:subfield>
      </marc:datafield>
      <marc:datafield tag="953" ind1=" " ind2=" ">
         <marc:subfield code="a">CENTv140i4-04281747-170455.zip</marc:subfield>
      </marc:datafield>
      <marc:datafield tag="962" ind1=" " ind2=" ">
         <marc:subfield code="a">Journal title changed from 'The Canadian Entomologist'</marc:subfield>
      </marc:datafield>
      <marc:datafield tag="974" ind1=" " ind2=" ">
         <marc:subfield code="a">agid:1255689</marc:subfield>
      </marc:datafield>
      <marc:datafield tag="983" ind1=" " ind2=" ">
         <marc:subfield code="a">2015-11-04</marc:subfield>
      </marc:datafield>
      <marc:datafield tag="984" ind1=" " ind2=" ">
         <marc:subfield code="a">2015-11-04</marc:subfield>
      </marc:datafield>
   </marc:record>