
   <marc:record>
      <marc:leader>06208nab a2200769 u 4500</marc:leader>
      <marc:controlfield tag="001">9915985891207426</marc:controlfield>
      <marc:controlfield tag="005">20221120134329.0</marc:controlfield>
      <marc:controlfield tag="008">210901e202109 xx |||||o|||||||||||eng||</marc:controlfield>
      <marc:datafield tag="016" ind1="7" ind2=" ">
         <marc:subfield code="a">IND607492206</marc:subfield>
         <marc:subfield code="2">DNAL</marc:subfield>
      </marc:datafield>
      <marc:datafield tag="024" ind1="7" ind2=" ">
         <marc:subfield code="a">10.1111/jbi.14145</marc:subfield>
         <marc:subfield code="2">doi</marc:subfield>
      </marc:datafield>
      <marc:datafield tag="035" ind1=" " ind2=" ">
         <marc:subfield code="a">agid:7492206-01nal_inst</marc:subfield>
      </marc:datafield>
      <marc:datafield tag="040" ind1=" " ind2=" ">
         <marc:subfield code="a">AGL</marc:subfield>
         <marc:subfield code="b">eng</marc:subfield>
         <marc:subfield code="c">AGL</marc:subfield>
      </marc:datafield>
      <marc:datafield tag="100" ind1="1" ind2=" ">
         <marc:subfield code="a">Benício, Ronildo A.</marc:subfield>
         <marc:subfield code="e">author</marc:subfield>
         <marc:subfield code="u">Programa de Pós‐Graduação em Ecologia e Recursos Naturais, Universidade
        Federal de São Carlos, São Carlos, São Paulo, Brazil</marc:subfield>
         <marc:subfield code="1">https://orcid.org/0000-0002-7928-2172</marc:subfield>
      </marc:datafield>
      <marc:datafield tag="245" ind1="1" ind2="0">
         <marc:subfield code="a">Differential speciation rates, colonization time and niche conservatism
        affect community assembly across adjacent biogeographical regions</marc:subfield>
      </marc:datafield>
      <marc:datafield tag="300" ind1=" " ind2=" ">
         <marc:subfield code="a">p. 2211-2225.</marc:subfield>
      </marc:datafield>
      <marc:datafield tag="500" ind1=" " ind2=" ">
         <marc:subfield code="a">JOURNAL ARTICLE</marc:subfield>
      </marc:datafield>
      <marc:datafield tag="520" ind1=" " ind2=" ">
         <marc:subfield code="a">AIM: To test the importance of evolutionary and biogeographical processes
        in shaping the assembly of local frog communities in two adjacent regions (hereafter,
        coastal and inland regions) with different historical signatures. We asked two main
        questions: (1) why does the coastal region harbour more frog species than the inland region?
        and (2) how do these processes affect the spatial variation in taxonomic, phylogenetic and
        functional diversities within and across these regions? LOCATION: southeastern Brazil.
        TAXON: Anurans. METHODS: We generated time‐calibrated phylogenies to estimate the relative
        timing of colonization, rates of speciation, extinction and dispersal between regions. We
        tested the phylogenetic signal in reproductive modes. These traits were also used to examine
        variation in functional composition across sites. We calculated metrics of phylogenetic
        community structure that capture the relationships near the root and tips of the tree.
        Finally, we tested the relationships between the spatial variation of multiple diversity
        dimensions and topographic complexity, Pleistocene and contemporary climate gradients for
        three spatial extents: (1) only coastal sites; (2) only inland sites; and (3) the two
        regions combined. RESULTS: The structure of communities was related to the region in which
        they are located, with regional pool size being two times greater for the coastal than
        inland region. This pattern seems to reflect both a higher speciation rate and earlier
        colonization time in the coastal than in the inland region. Reproductive modes within frog
        genera were less variable than among families, indicating phylogenetic signal. This pattern
        influenced local community assembly within the inland region due to the absence of species
        with direct development, tadpoles in bromeliads or eggs and tadpoles in streams in this
        region. MAIN CONCLUSIONS: Macroevolutionary dynamics, such as colonization time, differences
        in speciation rates and niche conservatism generate the disparity in species richness and
        assembly patterns of local communities between regions, but not within regions, in which
        local communities were more similar to each other.</marc:subfield>
      </marc:datafield>
      <marc:datafield tag="592" ind1=" " ind2=" ">
         <marc:subfield code="a">Publisher supplied data</marc:subfield>
      </marc:datafield>
      <marc:datafield tag="593" ind1=" " ind2=" ">
         <marc:subfield code="a">PubAg article</marc:subfield>
      </marc:datafield>
      <marc:datafield tag="596" ind1=" " ind2=" ">
         <marc:subfield code="a">142120/2015‐4</marc:subfield>
         <marc:subfield code="c">Conselho Nacional de Desenvolvimento Científico e Tecnológico</marc:subfield>
      </marc:datafield>
      <marc:datafield tag="596" ind1=" " ind2=" ">
         <marc:subfield code="a">331957</marc:subfield>
         <marc:subfield code="c">Academy of Finland</marc:subfield>
      </marc:datafield>
      <marc:datafield tag="596" ind1=" " ind2=" ">
         <marc:subfield code="a">2013/50714‐0</marc:subfield>
         <marc:subfield code="c">Fundação de Amparo à Pesquisa do Estado de São Paulo</marc:subfield>
      </marc:datafield>
      <marc:datafield tag="596" ind1=" " ind2=" ">
         <marc:subfield code="a">2013/50741‐7</marc:subfield>
         <marc:subfield code="c">Fundação de Amparo à Pesquisa do Estado de São Paulo</marc:subfield>
      </marc:datafield>
      <marc:datafield tag="596" ind1=" " ind2=" ">
         <marc:subfield code="a">2015/11821‐0</marc:subfield>
         <marc:subfield code="c">Fundação de Amparo à Pesquisa do Estado de São Paulo</marc:subfield>
      </marc:datafield>
      <marc:datafield tag="596" ind1=" " ind2=" ">
         <marc:subfield code="a">2017/26162‐8</marc:subfield>
         <marc:subfield code="c">Fundação de Amparo à Pesquisa do Estado de São Paulo</marc:subfield>
      </marc:datafield>
      <marc:datafield tag="650" ind1=" " ind2="3">
         <marc:subfield code="a">Anura</marc:subfield>
      </marc:datafield>
      <marc:datafield tag="650" ind1=" " ind2="3">
         <marc:subfield code="a">Bromeliaceae</marc:subfield>
      </marc:datafield>
      <marc:datafield tag="650" ind1=" " ind2="3">
         <marc:subfield code="a">Pleistocene epoch</marc:subfield>
      </marc:datafield>
      <marc:datafield tag="650" ind1=" " ind2="3">
         <marc:subfield code="a">biogeography</marc:subfield>
      </marc:datafield>
      <marc:datafield tag="650" ind1=" " ind2="3">
         <marc:subfield code="a">climate</marc:subfield>
      </marc:datafield>
      <marc:datafield tag="650" ind1=" " ind2="3">
         <marc:subfield code="a">coasts</marc:subfield>
      </marc:datafield>
      <marc:datafield tag="650" ind1=" " ind2="3">
         <marc:subfield code="a">community structure</marc:subfield>
      </marc:datafield>
      <marc:datafield tag="650" ind1=" " ind2="3">
         <marc:subfield code="a">extinction</marc:subfield>
      </marc:datafield>
      <marc:datafield tag="650" ind1=" " ind2="3">
         <marc:subfield code="a">frogs</marc:subfield>
      </marc:datafield>
      <marc:datafield tag="650" ind1=" " ind2="3">
         <marc:subfield code="a">geographical distribution</marc:subfield>
      </marc:datafield>
      <marc:datafield tag="650" ind1=" " ind2="3">
         <marc:subfield code="a">niche conservatism</marc:subfield>
      </marc:datafield>
      <marc:datafield tag="650" ind1=" " ind2="3">
         <marc:subfield code="a">phylogeny</marc:subfield>
      </marc:datafield>
      <marc:datafield tag="650" ind1=" " ind2="3">
         <marc:subfield code="a">species richness</marc:subfield>
      </marc:datafield>
      <marc:datafield tag="650" ind1=" " ind2="3">
         <marc:subfield code="a">topography</marc:subfield>
      </marc:datafield>
      <marc:datafield tag="650" ind1=" " ind2="3">
         <marc:subfield code="a">trees</marc:subfield>
      </marc:datafield>
      <marc:datafield tag="651" ind1=" " ind2="3">
         <marc:subfield code="a">Brazil</marc:subfield>
      </marc:datafield>
      <marc:datafield tag="700" ind1="1" ind2=" ">
         <marc:subfield code="a">Provete, Diogo B.</marc:subfield>
         <marc:subfield code="e">author</marc:subfield>
         <marc:subfield code="u">Instituto de Biociências, Universidade Federal de Mato Grosso do Sul, Mato
        Grosso do Sul, Campo Grande, Brazil</marc:subfield>
         <marc:subfield code="1">https://orcid.org/0000-0002-0097-0651</marc:subfield>
      </marc:datafield>
      <marc:datafield tag="700" ind1="1" ind2=" ">
         <marc:subfield code="a">Lyra, Mariana L.</marc:subfield>
         <marc:subfield code="e">author</marc:subfield>
         <marc:subfield code="u">Departamento de Biodiversidade e Centro de Aquicultura da UNESP (CAUNESP),
        Instituto de Biociências, Universidade Estadual Paulista, Rio Claro, São Paulo,
        Brazil</marc:subfield>
         <marc:subfield code="1">https://orcid.org/0000-0002-7863-4965</marc:subfield>
      </marc:datafield>
      <marc:datafield tag="700" ind1="1" ind2=" ">
         <marc:subfield code="a">Heino, Jani</marc:subfield>
         <marc:subfield code="e">author</marc:subfield>
         <marc:subfield code="u">Finnish Environment Institute, Freshwater Centre, Oulu, Finland</marc:subfield>
         <marc:subfield code="1">https://orcid.org/0000-0003-1235-6613</marc:subfield>
      </marc:datafield>
      <marc:datafield tag="700" ind1="1" ind2=" ">
         <marc:subfield code="a">Haddad, Célio F. B.</marc:subfield>
         <marc:subfield code="e">author</marc:subfield>
         <marc:subfield code="u">Departamento de Biodiversidade e Centro de Aquicultura da UNESP (CAUNESP),
        Instituto de Biociências, Universidade Estadual Paulista, Rio Claro, São Paulo,
        Brazil</marc:subfield>
         <marc:subfield code="1">https://orcid.org/0000-0002-7044-5764</marc:subfield>
      </marc:datafield>
      <marc:datafield tag="700" ind1="1" ind2=" ">
         <marc:subfield code="a">Rossa‐Feres, Denise de C.</marc:subfield>
         <marc:subfield code="e">author</marc:subfield>
         <marc:subfield code="u">Departamento de Zoologia e Botânica, Universidade Estadual Paulista
        (UNESP), São José do Rio Preto, São Paulo, Brazil</marc:subfield>
         <marc:subfield code="1">https://orcid.org/0000-0002-4537-9064</marc:subfield>
      </marc:datafield>
      <marc:datafield tag="700" ind1="1" ind2=" ">
         <marc:subfield code="a">da Silva, Fernando R.</marc:subfield>
         <marc:subfield code="e">author</marc:subfield>
         <marc:subfield code="u">Laboratório de Ecologia Teórica: Integrando Tempo, Biologia e Espaço
        (LET.IT.BE), Departamento de Ciências Ambientais, Universidade Federal de São Carlos,
        Sorocaba, São Paulo, Brazil</marc:subfield>
         <marc:subfield code="1">https://orcid.org/0000-0002-0983-3207</marc:subfield>
      </marc:datafield>
      <marc:datafield tag="773" ind1="0" ind2=" ">
         <marc:subfield code="t">Journal of biogeography.</marc:subfield>
         <marc:subfield code="g">2021 Sept., v. 48, no. 9 p.2211-2225</marc:subfield>
         <marc:subfield code="d">John Wiley &amp; Sons, Ltd</marc:subfield>
         <marc:subfield code="w">Journal:jnl9765</marc:subfield>
         <marc:subfield code="x">0305-0270</marc:subfield>
         <marc:subfield code="7">nnas</marc:subfield>
      </marc:datafield>
      <marc:datafield tag="787" ind1="1" ind2=" ">
         <marc:subfield code="o">islandora_article_repository</marc:subfield>
      </marc:datafield>
      <marc:datafield tag="787" ind1="1" ind2=" ">
         <marc:subfield code="o">product_pubag</marc:subfield>
      </marc:datafield>
      <marc:datafield tag="787" ind1="1" ind2=" ">
         <marc:subfield code="o">(Journal)jnl9765</marc:subfield>
      </marc:datafield>
      <marc:datafield tag="856" ind1="4" ind2="0">
         <marc:subfield code="u">http://dx.doi.org/10.1111/jbi.14145</marc:subfield>
         <marc:subfield code="3">Available from publisher's site</marc:subfield>
      </marc:datafield>
      <marc:datafield tag="912" ind1=" " ind2=" ">
         <marc:subfield code="a">Article</marc:subfield>
      </marc:datafield>
      <marc:datafield tag="914" ind1=" " ind2=" ">
         <marc:subfield code="a">Journal:jnl9765</marc:subfield>
         <marc:subfield code="b">0305-0270</marc:subfield>
         <marc:subfield code="c">48</marc:subfield>
         <marc:subfield code="d">9</marc:subfield>
         <marc:subfield code="e">2211</marc:subfield>
      </marc:datafield>
      <marc:datafield tag="914" ind1=" " ind2=" ">
         <marc:subfield code="f">Journal of biogeography</marc:subfield>
      </marc:datafield>
      <marc:datafield tag="916" ind1=" " ind2=" ">
         <marc:subfield code="a">Batch:10192</marc:subfield>
      </marc:datafield>
      <marc:datafield tag="917" ind1=" " ind2=" ">
         <marc:subfield code="a">issued</marc:subfield>
      </marc:datafield>
      <marc:datafield tag="918" ind1="2" ind2=" ">
         <marc:subfield code="a">John Wiley &amp; Sons, Inc</marc:subfield>
         <marc:subfield code="e">provider</marc:subfield>
         <marc:subfield code="5">DNAL</marc:subfield>
      </marc:datafield>
      <marc:datafield tag="935" ind1=" " ind2=" ">
         <marc:subfield code="a">IND607492206</marc:subfield>
         <marc:subfield code="9">ExL</marc:subfield>
      </marc:datafield>
      <marc:datafield tag="949" ind1=" " ind2=" ">
         <marc:subfield code="a">2022-02-22</marc:subfield>
      </marc:datafield>
      <marc:datafield tag="952" ind1=" " ind2=" ">
         <marc:subfield code="d">NAL-AP-2-clean</marc:subfield>
      </marc:datafield>
      <marc:datafield tag="953" ind1=" " ind2=" ">
         <marc:subfield code="a">/data/metadata/incoming/wiley/03050270_2021_48_9.xml</marc:subfield>
      </marc:datafield>
      <marc:datafield tag="954" ind1=" " ind2=" ">
         <marc:subfield code="a">file:/data/metadata/staging/wiley/03050270_2021_48_9.xml</marc:subfield>
      </marc:datafield>
      <marc:datafield tag="955" ind1=" " ind2=" ">
         <marc:subfield code="a">/data/metadata/staging/wiley/</marc:subfield>
      </marc:datafield>
      <marc:datafield tag="974" ind1=" " ind2=" ">
         <marc:subfield code="a">agid:7492206</marc:subfield>
      </marc:datafield>
      <marc:datafield tag="983" ind1=" " ind2=" ">
         <marc:subfield code="a">2021-09-01</marc:subfield>
      </marc:datafield>
      <marc:datafield tag="984" ind1=" " ind2=" ">
         <marc:subfield code="a">2022-02-17</marc:subfield>
      </marc:datafield>
   </marc:record>