
   <marc:record>
      <marc:leader>03666nab a2200745 u 4500</marc:leader>
      <marc:controlfield tag="001">9915986087007426</marc:controlfield>
      <marc:controlfield tag="005">20221121161400.0</marc:controlfield>
      <marc:controlfield tag="008">100319e20100331xx |||||o|||||||||||eng||</marc:controlfield>
      <marc:datafield tag="016" ind1="7" ind2=" ">
         <marc:subfield code="a">IND44341999</marc:subfield>
         <marc:subfield code="2">DNAL</marc:subfield>
      </marc:datafield>
      <marc:datafield tag="024" ind1="7" ind2=" ">
         <marc:subfield code="a">10.1016/j.foreco.2010.01.008</marc:subfield>
         <marc:subfield code="2">doi</marc:subfield>
      </marc:datafield>
      <marc:datafield tag="035" ind1=" " ind2=" ">
         <marc:subfield code="a">agid:780003-01nal_inst</marc:subfield>
      </marc:datafield>
      <marc:datafield tag="040" ind1=" " ind2=" ">
         <marc:subfield code="a">AGL</marc:subfield>
         <marc:subfield code="b">eng</marc:subfield>
         <marc:subfield code="c">AGL</marc:subfield>
      </marc:datafield>
      <marc:datafield tag="072" ind1=" " ind2="0">
         <marc:subfield code="a">F300</marc:subfield>
      </marc:datafield>
      <marc:datafield tag="072" ind1=" " ind2="0">
         <marc:subfield code="a">K001</marc:subfield>
      </marc:datafield>
      <marc:datafield tag="072" ind1=" " ind2="0">
         <marc:subfield code="a">K250</marc:subfield>
      </marc:datafield>
      <marc:datafield tag="072" ind1=" " ind2="0">
         <marc:subfield code="a">J500</marc:subfield>
      </marc:datafield>
      <marc:datafield tag="100" ind1="1" ind2=" ">
         <marc:subfield code="a">Homeier, Jürgen</marc:subfield>
      </marc:datafield>
      <marc:datafield tag="245" ind1="1" ind2="0">
         <marc:subfield code="a">Factors controlling the abundance of lianas along an altitudinal transect
        of tropical forests in Ecuador</marc:subfield>
      </marc:datafield>
      <marc:datafield tag="300" ind1=" " ind2=" ">
         <marc:subfield code="a">p. 1399-1405.</marc:subfield>
      </marc:datafield>
      <marc:datafield tag="500" ind1=" " ind2=" ">
         <marc:subfield code="a">Includes references</marc:subfield>
      </marc:datafield>
      <marc:datafield tag="500" ind1=" " ind2=" ">
         <marc:subfield code="a">2019-12-06</marc:subfield>
      </marc:datafield>
      <marc:datafield tag="520" ind1=" " ind2=" ">
         <marc:subfield code="a">In the light of putatively increasing liana abundances in present-day
        tropical forests and a persistent lack of understanding of liana abundance patterns and the
        responsible factors, we attempt to identify the key factors controlling liana abundance
        along an altitudinal transect in NE Ecuador. At four elevational levels (500, 1000, 1500,
        and 2000m), each represented by 10 plots of 400m², the abundance and diameters of all lianas
        (dbh≥1cm) and trees (dbh≥10cm) were recorded in old-growth forest stands in the Sumaco
        Biosphere Reserve (SBR). Results were analysed with available data on soil chemical
        properties and canopy structure. The mean density of lianas and liana basal area did not
        differ significantly between the elevational levels; however, the mean liana diameter
        decreased with increasing elevation. Liana density, basal area and abundance per tree
        individual were strongly correlated with host tree diameter. The most important determinants
        of liana abundance in the SBR were structural stand properties (tree basal area and mean
        tree dbh), but soil nitrogen availability (indicated by C/N ratio) was also found to have
        some influence. The notably high variation in liana abundance among different old-growth
        forest stands mainly reflects differences in stand structure between the studied mature
        forests, whereas the effect of elevation seems to be of less importance.</marc:subfield>
      </marc:datafield>
      <marc:datafield tag="593" ind1=" " ind2=" ">
         <marc:subfield code="a">PubAg article</marc:subfield>
      </marc:datafield>
      <marc:datafield tag="650" ind1=" " ind2="3">
         <marc:subfield code="a">diameter</marc:subfield>
      </marc:datafield>
      <marc:datafield tag="650" ind1=" " ind2="3">
         <marc:subfield code="a">forest trees</marc:subfield>
      </marc:datafield>
      <marc:datafield tag="650" ind1=" " ind2="3">
         <marc:subfield code="a">old-growth forests</marc:subfield>
      </marc:datafield>
      <marc:datafield tag="650" ind1=" " ind2="3">
         <marc:subfield code="a">lianas</marc:subfield>
      </marc:datafield>
      <marc:datafield tag="650" ind1=" " ind2="3">
         <marc:subfield code="a">nitrogen</marc:subfield>
      </marc:datafield>
      <marc:datafield tag="650" ind1=" " ind2="3">
         <marc:subfield code="a">spatial distribution</marc:subfield>
      </marc:datafield>
      <marc:datafield tag="650" ind1=" " ind2="3">
         <marc:subfield code="a">tropical forests</marc:subfield>
      </marc:datafield>
      <marc:datafield tag="650" ind1=" " ind2="3">
         <marc:subfield code="a">nutrient availability</marc:subfield>
      </marc:datafield>
      <marc:datafield tag="650" ind1=" " ind2="3">
         <marc:subfield code="a">edaphic factors</marc:subfield>
      </marc:datafield>
      <marc:datafield tag="650" ind1=" " ind2="3">
         <marc:subfield code="a">soil fertility</marc:subfield>
      </marc:datafield>
      <marc:datafield tag="650" ind1=" " ind2="3">
         <marc:subfield code="a">altitude</marc:subfield>
      </marc:datafield>
      <marc:datafield tag="650" ind1=" " ind2="3">
         <marc:subfield code="a">density</marc:subfield>
      </marc:datafield>
      <marc:datafield tag="650" ind1=" " ind2="3">
         <marc:subfield code="a">stand basal area</marc:subfield>
      </marc:datafield>
      <marc:datafield tag="650" ind1=" " ind2="3">
         <marc:subfield code="a">stand structure</marc:subfield>
      </marc:datafield>
      <marc:datafield tag="651" ind1=" " ind2="3">
         <marc:subfield code="a">Ecuador</marc:subfield>
      </marc:datafield>
      <marc:datafield tag="653" ind1=" " ind2="0">
         <marc:subfield code="a">vines</marc:subfield>
      </marc:datafield>
      <marc:datafield tag="653" ind1=" " ind2="0">
         <marc:subfield code="a">Sumaco Biosphere Reserve</marc:subfield>
      </marc:datafield>
      <marc:datafield tag="653" ind1=" " ind2="0">
         <marc:subfield code="a">basal area</marc:subfield>
      </marc:datafield>
      <marc:datafield tag="700" ind1="1" ind2=" ">
         <marc:subfield code="a">Englert, Fabian</marc:subfield>
      </marc:datafield>
      <marc:datafield tag="700" ind1="1" ind2=" ">
         <marc:subfield code="a">Leuschner, Christoph</marc:subfield>
      </marc:datafield>
      <marc:datafield tag="700" ind1="1" ind2=" ">
         <marc:subfield code="a">Weigelt, Patrick</marc:subfield>
      </marc:datafield>
      <marc:datafield tag="700" ind1="1" ind2=" ">
         <marc:subfield code="a">Unger, Malte</marc:subfield>
      </marc:datafield>
      <marc:datafield tag="773" ind1="0" ind2=" ">
         <marc:subfield code="t">Forest ecology and management.</marc:subfield>
         <marc:subfield code="g">2010 Mar. 31, v. 259, no. 8 p.1399-1405</marc:subfield>
         <marc:subfield code="d">Elsevier Science</marc:subfield>
         <marc:subfield code="x">0378-1127</marc:subfield>
         <marc:subfield code="7">nnas</marc:subfield>
      </marc:datafield>
      <marc:datafield tag="787" ind1="1" ind2=" ">
         <marc:subfield code="o">islandora_article_repository</marc:subfield>
      </marc:datafield>
      <marc:datafield tag="787" ind1="1" ind2=" ">
         <marc:subfield code="o">product_pubag</marc:subfield>
      </marc:datafield>
      <marc:datafield tag="787" ind1="1" ind2=" ">
         <marc:subfield code="o">(Journal)jnl9013</marc:subfield>
      </marc:datafield>
      <marc:datafield tag="852" ind1=" " ind2=" ">
         <marc:subfield code="a">DNAL</marc:subfield>
      </marc:datafield>
      <marc:datafield tag="856" ind1="4" ind2="0">
         <marc:subfield code="u">http://dx.doi.org/10.1016/j.foreco.2010.01.008</marc:subfield>
         <marc:subfield code="3">Available from publisher's Web site</marc:subfield>
      </marc:datafield>
      <marc:datafield tag="912" ind1=" " ind2=" ">
         <marc:subfield code="a">Article</marc:subfield>
      </marc:datafield>
      <marc:datafield tag="914" ind1=" " ind2=" ">
         <marc:subfield code="a">Journal:jnl9013</marc:subfield>
         <marc:subfield code="b">0378-1127</marc:subfield>
         <marc:subfield code="c">259</marc:subfield>
         <marc:subfield code="d">8</marc:subfield>
         <marc:subfield code="e">1399</marc:subfield>
      </marc:datafield>
      <marc:datafield tag="914" ind1=" " ind2=" ">
         <marc:subfield code="f">Forest ecology and management</marc:subfield>
      </marc:datafield>
      <marc:datafield tag="917" ind1=" " ind2=" ">
         <marc:subfield code="a">issued</marc:subfield>
      </marc:datafield>
      <marc:datafield tag="930" ind1=" " ind2=" ">
         <marc:subfield code="a">20100330</marc:subfield>
         <marc:subfield code="b">20100403</marc:subfield>
         <marc:subfield code="c">00000000</marc:subfield>
      </marc:datafield>
      <marc:datafield tag="935" ind1=" " ind2=" ">
         <marc:subfield code="a">IND44341999</marc:subfield>
         <marc:subfield code="9">ExL</marc:subfield>
      </marc:datafield>
      <marc:datafield tag="945" ind1=" " ind2=" ">
         <marc:subfield code="a">IND</marc:subfield>
         <marc:subfield code="d">LYN</marc:subfield>
         <marc:subfield code="e">2010/03/29</marc:subfield>
      </marc:datafield>
      <marc:datafield tag="946" ind1=" " ind2=" ">
         <marc:subfield code="a">Non-US</marc:subfield>
      </marc:datafield>
      <marc:datafield tag="949" ind1=" " ind2=" ">
         <marc:subfield code="a">2014-07-17</marc:subfield>
      </marc:datafield>
      <marc:datafield tag="952" ind1=" " ind2=" ">
         <marc:subfield code="a">20100330 20100403 00000000</marc:subfield>
         <marc:subfield code="b">IND LYN 2010/03/29</marc:subfield>
      </marc:datafield>
      <marc:datafield tag="974" ind1=" " ind2=" ">
         <marc:subfield code="a">agid:780003</marc:subfield>
      </marc:datafield>
      <marc:datafield tag="984" ind1=" " ind2=" ">
         <marc:subfield code="a">2014-07-25</marc:subfield>
      </marc:datafield>
      <marc:datafield tag="985" ind1=" " ind2=" ">
         <marc:subfield code="a">Converted from MARCXML to MODS version 3.4 using MARC21slim2MODS3-4.xsl
        (Revision 1.95 2014/04/23)</marc:subfield>
      </marc:datafield>
      <marc:datafield tag="986" ind1=" " ind2=" ">
         <marc:subfield code="a">4341999</marc:subfield>
      </marc:datafield>
   </marc:record>