
   <marc:record>
      <marc:leader>03276nab a2200433 u 4500</marc:leader>
      <marc:controlfield tag="001">9915987162007426</marc:controlfield>
      <marc:controlfield tag="005">20221120083726.0</marc:controlfield>
      <marc:controlfield tag="008">151124e201205 xx |||||o|||||||||||eng||</marc:controlfield>
      <marc:datafield tag="016" ind1="7" ind2=" ">
         <marc:subfield code="a">IND601290973</marc:subfield>
         <marc:subfield code="2">DNAL</marc:subfield>
      </marc:datafield>
      <marc:datafield tag="024" ind1="7" ind2=" ">
         <marc:subfield code="a">10.1659/MRD-JOURNAL-D-11-00125.1</marc:subfield>
         <marc:subfield code="2">doi</marc:subfield>
      </marc:datafield>
      <marc:datafield tag="035" ind1=" " ind2=" ">
         <marc:subfield code="a">agid:1290973-01nal_inst</marc:subfield>
      </marc:datafield>
      <marc:datafield tag="040" ind1=" " ind2=" ">
         <marc:subfield code="a">AGL</marc:subfield>
         <marc:subfield code="b">eng</marc:subfield>
         <marc:subfield code="c">AGL</marc:subfield>
      </marc:datafield>
      <marc:datafield tag="100" ind1="1" ind2=" ">
         <marc:subfield code="a">Zhao, Haoyan</marc:subfield>
         <marc:subfield code="e">author</marc:subfield>
         <marc:subfield code="u">Key Laboratory for Silviculture and Conservation of the Ministry of
        Education, Beijing Forestry University, Beijing 100083, China</marc:subfield>
      </marc:datafield>
      <marc:datafield tag="245" ind1="1" ind2="0">
         <marc:subfield code="a">Species Interactions in Spruce–Fir Mixed Stands and Implications for
        Enrichment Planting in the Changbai Mountains, China</marc:subfield>
      </marc:datafield>
      <marc:datafield tag="300" ind1=" " ind2=" ">
         <marc:subfield code="a">p. 187-196.</marc:subfield>
      </marc:datafield>
      <marc:datafield tag="520" ind1=" " ind2=" ">
         <marc:subfield code="a">To identify the sapling species that can be planted in spruce–fir forest in
        the Changbai Mountains, China, we analyzed the associations among saplings and between
        saplings and adult trees of 4 tree species (spruce [Picea koraiensis Nakai], fir [Abies
        nephrolepis (Trautv.) Maxim.], Korean pine [Pinus koraiensis Sieb. et Zucc.], and lime
        [Tilia amurensis Rupr.]), and the spatial distribution of saplings under the adult trees. We
        observed positive associations between the saplings and adult trees of spruce, fir, Korean
        pine, and lime. In addition, the numbers of saplings of spruce, fir, Korean pine, and lime
        with distance from adult trees exhibited a positively skewed distribution. We conclude that
        saplings of any one or several of these 4 species can be planted in the mixed forests and
        the optimum distance between saplings and adults trees of the coniferous species is 2–3 m,
        whereas the corresponding optimal distance from the broadleaved lime is 4–5 m. Our results
        provide new insights into the development of reforestation techniques in spruce–fir forests
        in the Changbai Mountains.</marc:subfield>
      </marc:datafield>
      <marc:datafield tag="592" ind1=" " ind2=" ">
         <marc:subfield code="a">Publisher supplied data</marc:subfield>
      </marc:datafield>
      <marc:datafield tag="653" ind1=" " ind2="0">
         <marc:subfield code="a">Interspecific association</marc:subfield>
      </marc:datafield>
      <marc:datafield tag="653" ind1=" " ind2="0">
         <marc:subfield code="a">enrichment planting</marc:subfield>
      </marc:datafield>
      <marc:datafield tag="653" ind1=" " ind2="0">
         <marc:subfield code="a">spatial distribution patterns</marc:subfield>
      </marc:datafield>
      <marc:datafield tag="653" ind1=" " ind2="0">
         <marc:subfield code="a">spruce–fir forest</marc:subfield>
      </marc:datafield>
      <marc:datafield tag="700" ind1="1" ind2=" ">
         <marc:subfield code="a">Kang, Xingang</marc:subfield>
         <marc:subfield code="e">author</marc:subfield>
         <marc:subfield code="u">Key Laboratory for Silviculture and Conservation of the Ministry of
        Education, Beijing Forestry University, Beijing 100083, China</marc:subfield>
      </marc:datafield>
      <marc:datafield tag="700" ind1="1" ind2=" ">
         <marc:subfield code="a">Guo, Zhiqiang</marc:subfield>
         <marc:subfield code="e">author</marc:subfield>
         <marc:subfield code="u">Key Laboratory for Silviculture and Conservation of the Ministry of
        Education, Beijing Forestry University, Beijing 100083, China</marc:subfield>
      </marc:datafield>
      <marc:datafield tag="700" ind1="1" ind2=" ">
         <marc:subfield code="a">Yang, Hua</marc:subfield>
         <marc:subfield code="e">author</marc:subfield>
         <marc:subfield code="u">Key Laboratory for Silviculture and Conservation of the Ministry of
        Education, Beijing Forestry University, Beijing 100083, China</marc:subfield>
      </marc:datafield>
      <marc:datafield tag="700" ind1="1" ind2=" ">
         <marc:subfield code="a">Xu, Ming</marc:subfield>
         <marc:subfield code="e">author</marc:subfield>
         <marc:subfield code="u">Institute of Geography, the Chinese Academy of Sciences, Beijing 100101,
        China</marc:subfield>
      </marc:datafield>
      <marc:datafield tag="773" ind1="0" ind2=" ">
         <marc:subfield code="t">Mountain research and development.</marc:subfield>
         <marc:subfield code="g">2012 May, v. 32, no. 2 p.187-196</marc:subfield>
         <marc:subfield code="d">The International Mountain Society</marc:subfield>
         <marc:subfield code="x">0276-4741</marc:subfield>
         <marc:subfield code="7">nnas</marc:subfield>
      </marc:datafield>
      <marc:datafield tag="787" ind1="1" ind2=" ">
         <marc:subfield code="o">islandora_article_repository</marc:subfield>
      </marc:datafield>
      <marc:datafield tag="787" ind1="1" ind2=" ">
         <marc:subfield code="o">(Journal)2017</marc:subfield>
      </marc:datafield>
      <marc:datafield tag="856" ind1="4" ind2="0">
         <marc:subfield code="u">http://dx.doi.org/10.1659%2FMRD-JOURNAL-D-11-00125.1</marc:subfield>
         <marc:subfield code="3">Available from publisher's site</marc:subfield>
      </marc:datafield>
      <marc:datafield tag="912" ind1=" " ind2=" ">
         <marc:subfield code="a">Article</marc:subfield>
      </marc:datafield>
      <marc:datafield tag="914" ind1=" " ind2=" ">
         <marc:subfield code="a">Journal:2017</marc:subfield>
         <marc:subfield code="b">0276-4741</marc:subfield>
         <marc:subfield code="c">32</marc:subfield>
         <marc:subfield code="d">2</marc:subfield>
         <marc:subfield code="e">187</marc:subfield>
      </marc:datafield>
      <marc:datafield tag="914" ind1=" " ind2=" ">
         <marc:subfield code="f">Mountain research and development</marc:subfield>
      </marc:datafield>
      <marc:datafield tag="917" ind1=" " ind2=" ">
         <marc:subfield code="a">hold</marc:subfield>
      </marc:datafield>
      <marc:datafield tag="918" ind1="2" ind2=" ">
         <marc:subfield code="a">BioOne</marc:subfield>
         <marc:subfield code="e">provider</marc:subfield>
         <marc:subfield code="5">DNAL</marc:subfield>
      </marc:datafield>
      <marc:datafield tag="935" ind1=" " ind2=" ">
         <marc:subfield code="a">IND601290973</marc:subfield>
         <marc:subfield code="9">ExL</marc:subfield>
      </marc:datafield>
      <marc:datafield tag="953" ind1=" " ind2=" ">
         <marc:subfield code="a">MREDv32i2-06181548-229064.zip</marc:subfield>
      </marc:datafield>
      <marc:datafield tag="974" ind1=" " ind2=" ">
         <marc:subfield code="a">agid:1290973</marc:subfield>
      </marc:datafield>
      <marc:datafield tag="983" ind1=" " ind2=" ">
         <marc:subfield code="a">2015-11-24</marc:subfield>
      </marc:datafield>
      <marc:datafield tag="984" ind1=" " ind2=" ">
         <marc:subfield code="a">2015-11-24</marc:subfield>
      </marc:datafield>
   </marc:record>