
   <marc:record>
      <marc:leader>05381nab a2200589 u 4500</marc:leader>
      <marc:controlfield tag="001">9915987549607426</marc:controlfield>
      <marc:controlfield tag="005">20221120170405.0</marc:controlfield>
      <marc:controlfield tag="008">211012e202110 xx |||||o|||||||||||eng||</marc:controlfield>
      <marc:datafield tag="016" ind1="7" ind2=" ">
         <marc:subfield code="a">IND607532917</marc:subfield>
         <marc:subfield code="2">DNAL</marc:subfield>
      </marc:datafield>
      <marc:datafield tag="024" ind1="7" ind2=" ">
         <marc:subfield code="a">10.1111/1365-2745.13744</marc:subfield>
         <marc:subfield code="2">doi</marc:subfield>
      </marc:datafield>
      <marc:datafield tag="035" ind1=" " ind2=" ">
         <marc:subfield code="a">agid:7532917-01nal_inst</marc:subfield>
      </marc:datafield>
      <marc:datafield tag="040" ind1=" " ind2=" ">
         <marc:subfield code="a">AGL</marc:subfield>
         <marc:subfield code="b">eng</marc:subfield>
         <marc:subfield code="c">AGL</marc:subfield>
      </marc:datafield>
      <marc:datafield tag="100" ind1="1" ind2=" ">
         <marc:subfield code="a">Perea, Antonio J.</marc:subfield>
         <marc:subfield code="e">author</marc:subfield>
         <marc:subfield code="u">Depto. Biología Animal, Biología Vegetal y Ecología, Universidad de Jaén,
        Jaén, Spain</marc:subfield>
         <marc:subfield code="1">https://orcid.org/0000-0001-8351-9358</marc:subfield>
      </marc:datafield>
      <marc:datafield tag="245" ind1="1" ind2="0">
         <marc:subfield code="a">Legacy effects of seed dispersal mechanisms shape the spatial interaction
        network of plant species in Mediterranean forests</marc:subfield>
      </marc:datafield>
      <marc:datafield tag="300" ind1=" " ind2=" ">
         <marc:subfield code="a">p. 3670-3684.</marc:subfield>
      </marc:datafield>
      <marc:datafield tag="500" ind1=" " ind2=" ">
         <marc:subfield code="a">JOURNAL ARTICLE</marc:subfield>
      </marc:datafield>
      <marc:datafield tag="520" ind1=" " ind2=" ">
         <marc:subfield code="a">Seed dispersal by frugivores plays a key role in structuring and
        maintaining tree diversity in forests. However, little is known about how the spatial legacy
        of seed dispersal and early recruitment shapes spatial patterns and the spatial interaction
        network of plant species in mature forest communities. We analysed two fully mapped mixed
        Pine–Oak forest communities using spatial point pattern analysis to determine (a) the
        detailed structure of the intraspecific spatial patterns of saplings and adults, (b) the
        intra‐ and interspecific spatial interaction of saplings, adults and saplings relative to
        adults, (c) the spatial patterns of species richness at the community level and (d) whether
        seed dispersal mechanisms affect the plant–plant interaction networks and the ratio of adult
        to sapling neighbourhood densities used as surrogate for spatial self‐thinning. The
        intraspecific spatial patterns of saplings and adults showed in general complex nested
        cluster structures that were similar for sapling and adult stages, despite substantial
        self‐thinning in some dry‐fruited species. The spatial network of saplings was characterized
        by positive spatial interactions. Adults of several tree species facilitated saplings in
        their proximity; however, adults of dry‐fruited species, but not those of fleshy‐fruited
        ones, lost almost all positive interactions that occurred at the sapling stage. Besides,
        interaction strength between adults was positive and often significantly stronger if both
        species were fleshy‐fruited. At the community level, the forests were structured into
        multispecies clumps across all life stages. Synthesis. Our analyses highlight the importance
        of the spatial legacy of seed dispersal and early recruitment in the assembly of plant
        communities. Particularly, animal seed dispersal can lead to multispecies clusters and
        positive spatial associations across life stages in Mediterranean forests, with surprisingly
        little signatures of negative interactions. Our analysis suggests that changes of the
        spatial structure across plant life stages are driven by seed dispersal mechanisms and
        subsequent spatial self‐thinning, generating a spatial footprint at the sapling stage that
        conditions the long‐term interactions between adult plants. Combining spatial point pattern
        analysis with network analysis and species traits is a promising way to disentangle the
        processes underlying observed patterns of local diversity.</marc:subfield>
      </marc:datafield>
      <marc:datafield tag="592" ind1=" " ind2=" ">
         <marc:subfield code="a">Publisher supplied data</marc:subfield>
      </marc:datafield>
      <marc:datafield tag="593" ind1=" " ind2=" ">
         <marc:subfield code="a">PubAg article</marc:subfield>
      </marc:datafield>
      <marc:datafield tag="596" ind1=" " ind2=" ">
         <marc:subfield code="c">European Regional Development Fund</marc:subfield>
      </marc:datafield>
      <marc:datafield tag="596" ind1=" " ind2=" ">
         <marc:subfield code="c">Spanish Ministerio de Economía y Competitividad (MEC)</marc:subfield>
      </marc:datafield>
      <marc:datafield tag="596" ind1=" " ind2=" ">
         <marc:subfield code="a">BES‐2016‐463 077688</marc:subfield>
         <marc:subfield code="c">Spanish Ministerio de Ciencia, Innovación y Universidades</marc:subfield>
      </marc:datafield>
      <marc:datafield tag="650" ind1=" " ind2="3">
         <marc:subfield code="a">adults</marc:subfield>
      </marc:datafield>
      <marc:datafield tag="650" ind1=" " ind2="3">
         <marc:subfield code="a">animals</marc:subfield>
      </marc:datafield>
      <marc:datafield tag="650" ind1=" " ind2="3">
         <marc:subfield code="a">forests</marc:subfield>
      </marc:datafield>
      <marc:datafield tag="650" ind1=" " ind2="3">
         <marc:subfield code="a">frugivores</marc:subfield>
      </marc:datafield>
      <marc:datafield tag="650" ind1=" " ind2="3">
         <marc:subfield code="a">seed dispersal</marc:subfield>
      </marc:datafield>
      <marc:datafield tag="650" ind1=" " ind2="3">
         <marc:subfield code="a">species richness</marc:subfield>
      </marc:datafield>
      <marc:datafield tag="700" ind1="1" ind2=" ">
         <marc:subfield code="a">Wiegand, Thorsten</marc:subfield>
         <marc:subfield code="e">author</marc:subfield>
         <marc:subfield code="u">Department of Ecological Modelling, Helmholtz Centre for Environmental
        Research (UFZ), Leipzig, Germany</marc:subfield>
         <marc:subfield code="1">https://orcid.org/0000-0002-3721-2248</marc:subfield>
      </marc:datafield>
      <marc:datafield tag="700" ind1="1" ind2=" ">
         <marc:subfield code="a">Garrido, José L.</marc:subfield>
         <marc:subfield code="e">author</marc:subfield>
         <marc:subfield code="u">Depto. Microbiología del Suelo y Sistemas Simbióticos, Estación
        Experimental del Zaidín, Consejo Superior de Investigaciones Científicas (EEZ‐CSIC),
        Granada, Spain</marc:subfield>
         <marc:subfield code="1">https://orcid.org/0000-0002-6859-4234</marc:subfield>
      </marc:datafield>
      <marc:datafield tag="700" ind1="1" ind2=" ">
         <marc:subfield code="a">Rey, Pedro J.</marc:subfield>
         <marc:subfield code="e">author</marc:subfield>
         <marc:subfield code="u">Depto. Biología Animal, Biología Vegetal y Ecología, Universidad de Jaén,
        Jaén, Spain</marc:subfield>
         <marc:subfield code="1">https://orcid.org/0000-0001-5550-0393</marc:subfield>
      </marc:datafield>
      <marc:datafield tag="700" ind1="1" ind2=" ">
         <marc:subfield code="a">Alcántara, Julio M.</marc:subfield>
         <marc:subfield code="e">author</marc:subfield>
         <marc:subfield code="u">Depto. Biología Animal, Biología Vegetal y Ecología, Universidad de Jaén,
        Jaén, Spain</marc:subfield>
         <marc:subfield code="1">https://orcid.org/0000-0002-8003-7844</marc:subfield>
      </marc:datafield>
      <marc:datafield tag="773" ind1="0" ind2=" ">
         <marc:subfield code="t">journal of ecology.</marc:subfield>
         <marc:subfield code="g">2021 Oct., v. 109, no. 10 p.3670-3684</marc:subfield>
         <marc:subfield code="d">John Wiley &amp; Sons, Ltd</marc:subfield>
         <marc:subfield code="w">Journal:jnl44660</marc:subfield>
         <marc:subfield code="x">0022-0477</marc:subfield>
         <marc:subfield code="7">nnas</marc:subfield>
      </marc:datafield>
      <marc:datafield tag="787" ind1="1" ind2=" ">
         <marc:subfield code="o">islandora_article_repository</marc:subfield>
      </marc:datafield>
      <marc:datafield tag="787" ind1="1" ind2=" ">
         <marc:subfield code="o">product_pubag</marc:subfield>
      </marc:datafield>
      <marc:datafield tag="787" ind1="1" ind2=" ">
         <marc:subfield code="o">(Journal)jnl44660</marc:subfield>
      </marc:datafield>
      <marc:datafield tag="856" ind1="4" ind2="0">
         <marc:subfield code="u">https://dx.doi.org/10.1111/1365-2745.13744</marc:subfield>
         <marc:subfield code="3">Available from publisher's site</marc:subfield>
      </marc:datafield>
      <marc:datafield tag="912" ind1=" " ind2=" ">
         <marc:subfield code="a">Article</marc:subfield>
      </marc:datafield>
      <marc:datafield tag="914" ind1=" " ind2=" ">
         <marc:subfield code="a">Journal:jnl44660</marc:subfield>
         <marc:subfield code="b">0022-0477</marc:subfield>
         <marc:subfield code="c">109</marc:subfield>
         <marc:subfield code="d">10</marc:subfield>
         <marc:subfield code="e">3670</marc:subfield>
      </marc:datafield>
      <marc:datafield tag="914" ind1=" " ind2=" ">
         <marc:subfield code="f">journal of ecology</marc:subfield>
      </marc:datafield>
      <marc:datafield tag="916" ind1=" " ind2=" ">
         <marc:subfield code="a">Batch:10205</marc:subfield>
      </marc:datafield>
      <marc:datafield tag="917" ind1=" " ind2=" ">
         <marc:subfield code="a">issued</marc:subfield>
      </marc:datafield>
      <marc:datafield tag="918" ind1="2" ind2=" ">
         <marc:subfield code="a">John Wiley &amp; Sons, Inc</marc:subfield>
         <marc:subfield code="e">provider</marc:subfield>
         <marc:subfield code="5">DNAL</marc:subfield>
      </marc:datafield>
      <marc:datafield tag="935" ind1=" " ind2=" ">
         <marc:subfield code="a">IND607532917</marc:subfield>
         <marc:subfield code="9">ExL</marc:subfield>
      </marc:datafield>
      <marc:datafield tag="949" ind1=" " ind2=" ">
         <marc:subfield code="a">2022-02-23</marc:subfield>
      </marc:datafield>
      <marc:datafield tag="952" ind1=" " ind2=" ">
         <marc:subfield code="d">NAL-AP-2-clean</marc:subfield>
      </marc:datafield>
      <marc:datafield tag="953" ind1=" " ind2=" ">
         <marc:subfield code="a">/data/metadata/incoming/wiley/00220477_2021_109_10.xml</marc:subfield>
      </marc:datafield>
      <marc:datafield tag="954" ind1=" " ind2=" ">
         <marc:subfield code="a">file:/data/metadata/staging/wiley/00220477_2021_109_10.xml</marc:subfield>
      </marc:datafield>
      <marc:datafield tag="955" ind1=" " ind2=" ">
         <marc:subfield code="a">/data/metadata/staging/wiley/</marc:subfield>
      </marc:datafield>
      <marc:datafield tag="974" ind1=" " ind2=" ">
         <marc:subfield code="a">agid:7532917</marc:subfield>
      </marc:datafield>
      <marc:datafield tag="983" ind1=" " ind2=" ">
         <marc:subfield code="a">2021-10-12</marc:subfield>
      </marc:datafield>
      <marc:datafield tag="984" ind1=" " ind2=" ">
         <marc:subfield code="a">2022-02-18</marc:subfield>
      </marc:datafield>
   </marc:record>