
   <marc:record>
      <marc:leader>05036nab a2200733 u 4500</marc:leader>
      <marc:controlfield tag="001">9915987884207426</marc:controlfield>
      <marc:controlfield tag="005">20221123040022.0</marc:controlfield>
      <marc:controlfield tag="008">210926e202110 xx |||||o|||||||||||eng||</marc:controlfield>
      <marc:datafield tag="016" ind1="7" ind2=" ">
         <marc:subfield code="a">IND607467202</marc:subfield>
         <marc:subfield code="2">DNAL</marc:subfield>
      </marc:datafield>
      <marc:datafield tag="024" ind1="7" ind2=" ">
         <marc:subfield code="a">10.1016/j.ppees.2021.125630</marc:subfield>
         <marc:subfield code="2">doi</marc:subfield>
      </marc:datafield>
      <marc:datafield tag="035" ind1=" " ind2=" ">
         <marc:subfield code="a">agid:7467202-01nal_inst</marc:subfield>
      </marc:datafield>
      <marc:datafield tag="040" ind1=" " ind2=" ">
         <marc:subfield code="a">AGL</marc:subfield>
         <marc:subfield code="b">eng</marc:subfield>
         <marc:subfield code="c">AGL</marc:subfield>
      </marc:datafield>
      <marc:datafield tag="100" ind1="1" ind2=" ">
         <marc:subfield code="a">Blanchard, Grégoire</marc:subfield>
         <marc:subfield code="e">author</marc:subfield>
         <marc:subfield code="u">AMAP, Univ Montpellier, CIRAD, CNRS, INRAE, IRD, Montpellier,
        France</marc:subfield>
         <marc:subfield code="1">https://orcid.org/0000-0003-4234-1287</marc:subfield>
      </marc:datafield>
      <marc:datafield tag="245" ind1="1" ind2="0">
         <marc:subfield code="a">Drivers of tree community assembly during tropical forest post-fire
        succession in anthropogenic savannas</marc:subfield>
      </marc:datafield>
      <marc:datafield tag="520" ind1=" " ind2=" ">
         <marc:subfield code="a">In the context of global change, tropical forests are increasingly affected
        by fires. Understanding the ecological processes driving forest recovery in fire-modified
        landscapes is a critical issue.We analyzed spatial and temporal (8 years) changes in
        functional and phylogenetic composition of tree communities during forest post-fire recovery
        in anthropogenic savannas. We used null models to infer the main assembly processes driving
        forest succession along three 90-m transects running from an advancing savanna-forest edge
        to forest interior in New Caledonia. We also evaluated if successional changes differed
        between large and small trees, or depended on the demography of remnant savanna trees.We
        found coordinated shifts from drought- and fire-resistance towards shade-tolerance
        strategies, involving leaf, stem, and architectural traits along transects. Our results
        indicate stronger environmental filtering and faster temporal changes in composition of
        young edge communities. In forest interior, our results suggest slower compositional
        changes, with an important role of light limitation in community assembly. These non-random
        patterns depended on both the decline of savanna trees and compositional changes among
        forest species. We also found contrasting community patterns depending on tree size,
        supporting a stronger influence of environmental filtering on small trees.Our work
        emphasized the dominance of deterministic assembly processes driving tropical forest
        post-fire succession. Our study suggests that fire and drought drive environmental filtering
        during early succession at the forest edge, entailing constraints on multiple functional
        dimensions. As succession progresses, light-limitation becomes a stronger driver of
        community assembly, and community composition becomes more stable in time. Our study
        provides insights for a better understanding of the processes guiding tropical forest
        succession in the particular context of post-fire forest recovery.</marc:subfield>
      </marc:datafield>
      <marc:datafield tag="592" ind1=" " ind2=" ">
         <marc:subfield code="a">Publisher supplied data</marc:subfield>
      </marc:datafield>
      <marc:datafield tag="593" ind1=" " ind2=" ">
         <marc:subfield code="a">PubAg article</marc:subfield>
      </marc:datafield>
      <marc:datafield tag="650" ind1=" " ind2="3">
         <marc:subfield code="a">community structure</marc:subfield>
      </marc:datafield>
      <marc:datafield tag="650" ind1=" " ind2="3">
         <marc:subfield code="a">demography</marc:subfield>
      </marc:datafield>
      <marc:datafield tag="650" ind1=" " ind2="3">
         <marc:subfield code="a">drought</marc:subfield>
      </marc:datafield>
      <marc:datafield tag="650" ind1=" " ind2="3">
         <marc:subfield code="a">edge effects</marc:subfield>
      </marc:datafield>
      <marc:datafield tag="650" ind1=" " ind2="3">
         <marc:subfield code="a">fire resistance</marc:subfield>
      </marc:datafield>
      <marc:datafield tag="650" ind1=" " ind2="3">
         <marc:subfield code="a">forest succession</marc:subfield>
      </marc:datafield>
      <marc:datafield tag="650" ind1=" " ind2="3">
         <marc:subfield code="a">global change</marc:subfield>
      </marc:datafield>
      <marc:datafield tag="650" ind1=" " ind2="3">
         <marc:subfield code="a">leaves</marc:subfield>
      </marc:datafield>
      <marc:datafield tag="650" ind1=" " ind2="3">
         <marc:subfield code="a">phylogeny</marc:subfield>
      </marc:datafield>
      <marc:datafield tag="650" ind1=" " ind2="3">
         <marc:subfield code="a">plant ecology</marc:subfield>
      </marc:datafield>
      <marc:datafield tag="650" ind1=" " ind2="3">
         <marc:subfield code="a">savannas</marc:subfield>
      </marc:datafield>
      <marc:datafield tag="650" ind1=" " ind2="3">
         <marc:subfield code="a">shade tolerance</marc:subfield>
      </marc:datafield>
      <marc:datafield tag="650" ind1=" " ind2="3">
         <marc:subfield code="a">trees</marc:subfield>
      </marc:datafield>
      <marc:datafield tag="650" ind1=" " ind2="3">
         <marc:subfield code="a">tropical forests</marc:subfield>
      </marc:datafield>
      <marc:datafield tag="651" ind1=" " ind2="3">
         <marc:subfield code="a">New Caledonia</marc:subfield>
      </marc:datafield>
      <marc:datafield tag="653" ind1=" " ind2="0">
         <marc:subfield code="a">Tropical forest</marc:subfield>
      </marc:datafield>
      <marc:datafield tag="653" ind1=" " ind2="0">
         <marc:subfield code="a">Succession</marc:subfield>
      </marc:datafield>
      <marc:datafield tag="653" ind1=" " ind2="0">
         <marc:subfield code="a">Functional traits</marc:subfield>
      </marc:datafield>
      <marc:datafield tag="653" ind1=" " ind2="0">
         <marc:subfield code="a">Fire</marc:subfield>
      </marc:datafield>
      <marc:datafield tag="653" ind1=" " ind2="0">
         <marc:subfield code="a">Savanna</marc:subfield>
      </marc:datafield>
      <marc:datafield tag="653" ind1=" " ind2="0">
         <marc:subfield code="a">Assembly processes</marc:subfield>
      </marc:datafield>
      <marc:datafield tag="700" ind1="1" ind2=" ">
         <marc:subfield code="a">Ibanez, Thomas</marc:subfield>
         <marc:subfield code="e">author</marc:subfield>
         <marc:subfield code="u">AMAP, Univ Montpellier, CIRAD, CNRS, INRAE, IRD, Montpellier,
        France</marc:subfield>
      </marc:datafield>
      <marc:datafield tag="700" ind1="1" ind2=" ">
         <marc:subfield code="a">Munoz, François</marc:subfield>
         <marc:subfield code="e">author</marc:subfield>
         <marc:subfield code="u">University Grenoble-Alpes, Laboratoire Interdisciplinaire de Physique
        (LIPhy), Saint-Martin-d'Hères, France</marc:subfield>
      </marc:datafield>
      <marc:datafield tag="700" ind1="1" ind2=" ">
         <marc:subfield code="a">Bruy, David</marc:subfield>
         <marc:subfield code="e">author</marc:subfield>
         <marc:subfield code="u">AMAP, Univ Montpellier, CIRAD, CNRS, INRAE, IRD, Montpellier,
        France</marc:subfield>
      </marc:datafield>
      <marc:datafield tag="700" ind1="1" ind2=" ">
         <marc:subfield code="a">Hely, Christelle</marc:subfield>
         <marc:subfield code="e">author</marc:subfield>
         <marc:subfield code="u">ISEM, Université Montpellier, CNRS, EPHE, IRD, Montpellier,
        France</marc:subfield>
         <marc:subfield code="1">https://orcid.org/0000-0002-7549-3239</marc:subfield>
      </marc:datafield>
      <marc:datafield tag="700" ind1="1" ind2=" ">
         <marc:subfield code="a">Munzinger, Jérôme</marc:subfield>
         <marc:subfield code="e">author</marc:subfield>
         <marc:subfield code="u">AMAP, Univ Montpellier, CIRAD, CNRS, INRAE, IRD, Montpellier,
        France</marc:subfield>
         <marc:subfield code="1">https://orcid.org/0000-0001-5300-2702</marc:subfield>
      </marc:datafield>
      <marc:datafield tag="700" ind1="1" ind2=" ">
         <marc:subfield code="a">Birnbaum, Philippe</marc:subfield>
         <marc:subfield code="e">author</marc:subfield>
         <marc:subfield code="u">AMAP, Univ Montpellier, CIRAD, CNRS, INRAE, IRD, Montpellier,
        France</marc:subfield>
      </marc:datafield>
      <marc:datafield tag="773" ind1="0" ind2=" ">
         <marc:subfield code="t">Perspectives in plant ecology, evolution and systematics.</marc:subfield>
         <marc:subfield code="g">2021 Oct., v. 52 p.125630-</marc:subfield>
         <marc:subfield code="d">Elsevier GmbH</marc:subfield>
         <marc:subfield code="w">Journal:J000000130</marc:subfield>
         <marc:subfield code="x">1433-8319</marc:subfield>
         <marc:subfield code="7">nnas</marc:subfield>
      </marc:datafield>
      <marc:datafield tag="787" ind1="1" ind2=" ">
         <marc:subfield code="o">islandora_article_repository</marc:subfield>
      </marc:datafield>
      <marc:datafield tag="787" ind1="1" ind2=" ">
         <marc:subfield code="o">product_pubag</marc:subfield>
      </marc:datafield>
      <marc:datafield tag="787" ind1="1" ind2=" ">
         <marc:subfield code="o">(Journal)J000000130</marc:subfield>
      </marc:datafield>
      <marc:datafield tag="856" ind1="4" ind2="0">
         <marc:subfield code="u">https://dx.doi.org/10.1016/j.ppees.2021.125630</marc:subfield>
         <marc:subfield code="3">Available from publisher's site</marc:subfield>
      </marc:datafield>
      <marc:datafield tag="912" ind1=" " ind2=" ">
         <marc:subfield code="a">Article</marc:subfield>
      </marc:datafield>
      <marc:datafield tag="914" ind1=" " ind2=" ">
         <marc:subfield code="a">Journal:J000000130</marc:subfield>
         <marc:subfield code="b">1433-8319</marc:subfield>
         <marc:subfield code="c">52</marc:subfield>
         <marc:subfield code="e">125630</marc:subfield>
      </marc:datafield>
      <marc:datafield tag="914" ind1=" " ind2=" ">
         <marc:subfield code="f">Perspectives in plant ecology, evolution and systematics</marc:subfield>
      </marc:datafield>
      <marc:datafield tag="916" ind1=" " ind2=" ">
         <marc:subfield code="a">Batch:10183</marc:subfield>
      </marc:datafield>
      <marc:datafield tag="917" ind1=" " ind2=" ">
         <marc:subfield code="a">issued</marc:subfield>
      </marc:datafield>
      <marc:datafield tag="918" ind1="2" ind2=" ">
         <marc:subfield code="a">Elsevier Consyn</marc:subfield>
         <marc:subfield code="e">provider</marc:subfield>
         <marc:subfield code="5">DNAL</marc:subfield>
      </marc:datafield>
      <marc:datafield tag="935" ind1=" " ind2=" ">
         <marc:subfield code="a">IND607467202</marc:subfield>
         <marc:subfield code="9">ExL</marc:subfield>
      </marc:datafield>
      <marc:datafield tag="949" ind1=" " ind2=" ">
         <marc:subfield code="a">2022-02-11</marc:subfield>
      </marc:datafield>
      <marc:datafield tag="952" ind1=" " ind2=" ">
         <marc:subfield code="d">NAL-AP-2-clean</marc:subfield>
      </marc:datafield>
      <marc:datafield tag="953" ind1=" " ind2=" ">
         <marc:subfield code="a">/data/metadata/incoming/consyn/378502205565020627-00004-HEAD-ONLY-NEW
        CONSYN ISSNS.zip</marc:subfield>
      </marc:datafield>
      <marc:datafield tag="954" ind1=" " ind2=" ">
         <marc:subfield code="a">file:/data/metadata/staging/consyn/S1433831921000421.xml</marc:subfield>
      </marc:datafield>
      <marc:datafield tag="955" ind1=" " ind2=" ">
         <marc:subfield code="a">/data/metadata/staging/consyn/</marc:subfield>
      </marc:datafield>
      <marc:datafield tag="974" ind1=" " ind2=" ">
         <marc:subfield code="a">agid:7467202</marc:subfield>
      </marc:datafield>
      <marc:datafield tag="983" ind1=" " ind2=" ">
         <marc:subfield code="a">2021-09-26</marc:subfield>
      </marc:datafield>
      <marc:datafield tag="984" ind1=" " ind2=" ">
         <marc:subfield code="a">2022-02-11</marc:subfield>
      </marc:datafield>
   </marc:record>