
   <marc:record>
      <marc:leader>04039nab a2200769 u 4500</marc:leader>
      <marc:controlfield tag="001">9915988100107426</marc:controlfield>
      <marc:controlfield tag="005">20221121222003.0</marc:controlfield>
      <marc:controlfield tag="008">120717e201208 xx |||||o|||||||||||eng||</marc:controlfield>
      <marc:datafield tag="016" ind1="7" ind2=" ">
         <marc:subfield code="a">IND44681773</marc:subfield>
         <marc:subfield code="2">DNAL</marc:subfield>
      </marc:datafield>
      <marc:datafield tag="024" ind1="7" ind2=" ">
         <marc:subfield code="a">22327614</marc:subfield>
         <marc:subfield code="2">pmid</marc:subfield>
      </marc:datafield>
      <marc:datafield tag="024" ind1="7" ind2=" ">
         <marc:subfield code="a">10.1007/s00442-012-2252-9</marc:subfield>
         <marc:subfield code="2">doi</marc:subfield>
      </marc:datafield>
      <marc:datafield tag="035" ind1=" " ind2=" ">
         <marc:subfield code="a">agid:484676-01nal_inst</marc:subfield>
      </marc:datafield>
      <marc:datafield tag="040" ind1=" " ind2=" ">
         <marc:subfield code="a">AGL</marc:subfield>
         <marc:subfield code="b">eng</marc:subfield>
         <marc:subfield code="c">AGL</marc:subfield>
      </marc:datafield>
      <marc:datafield tag="100" ind1="1" ind2=" ">
         <marc:subfield code="a">Velho, Nandini</marc:subfield>
         <marc:subfield code="e">author</marc:subfield>
         <marc:subfield code="u">Post-graduate Program in Wildlife Biology and Conservation, National Centre
        for Biological Sciences, GKVK Campus, Bellary Road, Bangalore, 560 065, India,
        nandinivelho@gmail.com</marc:subfield>
      </marc:datafield>
      <marc:datafield tag="245" ind1="1" ind2="0">
         <marc:subfield code="a">Rodent seed predation: effects on seed survival, recruitment, abundance,
        and dispersion of bird-dispersed tropical trees</marc:subfield>
      </marc:datafield>
      <marc:datafield tag="300" ind1=" " ind2=" ">
         <marc:subfield code="a">p. 995-1004.</marc:subfield>
      </marc:datafield>
      <marc:datafield tag="500" ind1=" " ind2=" ">
         <marc:subfield code="a">2019-12-06</marc:subfield>
      </marc:datafield>
      <marc:datafield tag="520" ind1=" " ind2=" ">
         <marc:subfield code="a">Tropical tree species vary widely in their pattern of spatial dispersion.
        We focus on how seed predation may modify seed deposition patterns and affect the abundance
        and dispersion of adult trees in a tropical forest in India. Using plots across a range of
        seed densities, we examined whether seed predation levels by terrestrial rodents varied
        across six large-seeded, bird-dispersed tree species. Since inter-specific variation in
        density-dependent seed mortality may have downstream effects on recruitment and adult tree
        stages, we determined recruitment patterns close to and away from parent trees, along with
        adult tree abundance and dispersion patterns. Four species (Canarium resiniferum, Dysoxylum
        binectariferum, Horsfieldia kingii, and Prunus ceylanica) showed high predation levels
        (78.5–98.7%) and increased mortality with increasing seed density, while two species,
        Chisocheton cumingianus and Polyalthia simiarum, showed significantly lower seed predation
        levels and weak density-dependent mortality. The latter two species also had the highest
        recruitment near parent trees, with most abundant and aggregated adults. The four species
        that had high seed mortality had low recruitment under parent trees, were rare, and had more
        spaced adult tree dispersion. Biotic dispersal may be vital for species that suffer
        density-dependent mortality factors under parent trees. In tropical forests where large
        vertebrate seed dispersers but not seed predators are hunted, differences in seed
        vulnerability to rodent seed predation and density-dependent mortality can affect forest
        structure and composition.</marc:subfield>
      </marc:datafield>
      <marc:datafield tag="592" ind1=" " ind2=" ">
         <marc:subfield code="a">Publisher supplied data</marc:subfield>
      </marc:datafield>
      <marc:datafield tag="593" ind1=" " ind2=" ">
         <marc:subfield code="a">PubAg article</marc:subfield>
      </marc:datafield>
      <marc:datafield tag="650" ind1=" " ind2="3">
         <marc:subfield code="a">Chisocheton</marc:subfield>
      </marc:datafield>
      <marc:datafield tag="650" ind1=" " ind2="3">
         <marc:subfield code="a">dispersions</marc:subfield>
      </marc:datafield>
      <marc:datafield tag="650" ind1=" " ind2="3">
         <marc:subfield code="a">forest trees</marc:subfield>
      </marc:datafield>
      <marc:datafield tag="650" ind1=" " ind2="3">
         <marc:subfield code="a">seeds</marc:subfield>
      </marc:datafield>
      <marc:datafield tag="650" ind1=" " ind2="3">
         <marc:subfield code="a">Dysoxylum</marc:subfield>
      </marc:datafield>
      <marc:datafield tag="650" ind1=" " ind2="3">
         <marc:subfield code="a">parents</marc:subfield>
      </marc:datafield>
      <marc:datafield tag="650" ind1=" " ind2="3">
         <marc:subfield code="a">seed predation</marc:subfield>
      </marc:datafield>
      <marc:datafield tag="650" ind1=" " ind2="3">
         <marc:subfield code="a">tropical forests</marc:subfield>
      </marc:datafield>
      <marc:datafield tag="650" ind1=" " ind2="3">
         <marc:subfield code="a">Prunus</marc:subfield>
      </marc:datafield>
      <marc:datafield tag="650" ind1=" " ind2="3">
         <marc:subfield code="a">Canarium</marc:subfield>
      </marc:datafield>
      <marc:datafield tag="650" ind1=" " ind2="3">
         <marc:subfield code="a">predators</marc:subfield>
      </marc:datafield>
      <marc:datafield tag="650" ind1=" " ind2="3">
         <marc:subfield code="a">rodents</marc:subfield>
      </marc:datafield>
      <marc:datafield tag="650" ind1=" " ind2="3">
         <marc:subfield code="a">Polyalthia</marc:subfield>
      </marc:datafield>
      <marc:datafield tag="650" ind1=" " ind2="3">
         <marc:subfield code="a">mortality</marc:subfield>
      </marc:datafield>
      <marc:datafield tag="650" ind1=" " ind2="3">
         <marc:subfield code="a">adults</marc:subfield>
      </marc:datafield>
      <marc:datafield tag="650" ind1=" " ind2="2">
         <marc:subfield code="a">Animals</marc:subfield>
      </marc:datafield>
      <marc:datafield tag="650" ind1=" " ind2="2">
         <marc:subfield code="a">Ecosystem</marc:subfield>
      </marc:datafield>
      <marc:datafield tag="650" ind1=" " ind2="2">
         <marc:subfield code="a">Feeding Behavior</marc:subfield>
         <marc:subfield code="x">physiology</marc:subfield>
      </marc:datafield>
      <marc:datafield tag="650" ind1=" " ind2="2">
         <marc:subfield code="a">Population Density</marc:subfield>
      </marc:datafield>
      <marc:datafield tag="650" ind1=" " ind2="2">
         <marc:subfield code="a">Prunus</marc:subfield>
         <marc:subfield code="x">physiology</marc:subfield>
      </marc:datafield>
      <marc:datafield tag="650" ind1=" " ind2="2">
         <marc:subfield code="a">Rodentia</marc:subfield>
         <marc:subfield code="x">physiology</marc:subfield>
      </marc:datafield>
      <marc:datafield tag="650" ind1=" " ind2="2">
         <marc:subfield code="a">Seeds</marc:subfield>
      </marc:datafield>
      <marc:datafield tag="650" ind1=" " ind2="2">
         <marc:subfield code="a">Trees</marc:subfield>
      </marc:datafield>
      <marc:datafield tag="650" ind1=" " ind2="2">
         <marc:subfield code="a">Tropical Climate</marc:subfield>
      </marc:datafield>
      <marc:datafield tag="651" ind1=" " ind2="3">
         <marc:subfield code="a">India</marc:subfield>
      </marc:datafield>
      <marc:datafield tag="651" ind1=" " ind2="0">
         <marc:subfield code="a">India</marc:subfield>
      </marc:datafield>
      <marc:datafield tag="653" ind1=" " ind2="0">
         <marc:subfield code="a">recruitment</marc:subfield>
      </marc:datafield>
      <marc:datafield tag="700" ind1="1" ind2=" ">
         <marc:subfield code="a">Isvaran, Kavita</marc:subfield>
         <marc:subfield code="e">author</marc:subfield>
      </marc:datafield>
      <marc:datafield tag="700" ind1="1" ind2=" ">
         <marc:subfield code="a">Datta, Aparajita</marc:subfield>
         <marc:subfield code="e">author</marc:subfield>
      </marc:datafield>
      <marc:datafield tag="773" ind1="0" ind2=" ">
         <marc:subfield code="t">Oecologia.</marc:subfield>
         <marc:subfield code="g">2012 Aug., v. 169, no. 4 p.995-1004</marc:subfield>
         <marc:subfield code="d">Springer-Verlag</marc:subfield>
         <marc:subfield code="x">0029-8549</marc:subfield>
         <marc:subfield code="7">nnas</marc:subfield>
      </marc:datafield>
      <marc:datafield tag="787" ind1="1" ind2=" ">
         <marc:subfield code="o">islandora_article_repository</marc:subfield>
      </marc:datafield>
      <marc:datafield tag="787" ind1="1" ind2=" ">
         <marc:subfield code="o">product_pubag</marc:subfield>
      </marc:datafield>
      <marc:datafield tag="787" ind1="1" ind2=" ">
         <marc:subfield code="o">(Journal)jnl44754</marc:subfield>
      </marc:datafield>
      <marc:datafield tag="856" ind1="4" ind2="0">
         <marc:subfield code="u">http://dx.doi.org/10.1007/s00442-012-2252-9</marc:subfield>
      </marc:datafield>
      <marc:datafield tag="912" ind1=" " ind2=" ">
         <marc:subfield code="a">Article</marc:subfield>
      </marc:datafield>
      <marc:datafield tag="914" ind1=" " ind2=" ">
         <marc:subfield code="a">Journal:jnl44754</marc:subfield>
         <marc:subfield code="b">0029-8549</marc:subfield>
         <marc:subfield code="c">169</marc:subfield>
         <marc:subfield code="d">4</marc:subfield>
         <marc:subfield code="e">995</marc:subfield>
      </marc:datafield>
      <marc:datafield tag="914" ind1=" " ind2=" ">
         <marc:subfield code="f">Oecologia</marc:subfield>
      </marc:datafield>
      <marc:datafield tag="917" ind1=" " ind2=" ">
         <marc:subfield code="a">issued</marc:subfield>
      </marc:datafield>
      <marc:datafield tag="918" ind1="2" ind2=" ">
         <marc:subfield code="a">Springer</marc:subfield>
         <marc:subfield code="e">provider</marc:subfield>
         <marc:subfield code="5">DNAL</marc:subfield>
      </marc:datafield>
      <marc:datafield tag="935" ind1=" " ind2=" ">
         <marc:subfield code="a">IND44681773</marc:subfield>
         <marc:subfield code="9">ExL</marc:subfield>
      </marc:datafield>
      <marc:datafield tag="949" ind1=" " ind2=" ">
         <marc:subfield code="a">2013-05-30</marc:subfield>
      </marc:datafield>
      <marc:datafield tag="951" ind1=" " ind2=" ">
         <marc:subfield code="a">2012-07-17</marc:subfield>
      </marc:datafield>
      <marc:datafield tag="953" ind1=" " ind2=" ">
         <marc:subfield code="a">ftp_PUB_12-07-17_07-11-51.zip</marc:subfield>
      </marc:datafield>
      <marc:datafield tag="962" ind1=" " ind2=" ">
         <marc:subfield code="a">Batch:216 annotated on 2013-05-14T08:29:58Z</marc:subfield>
      </marc:datafield>
      <marc:datafield tag="962" ind1=" " ind2=" ">
         <marc:subfield code="a">Batch:216 reviewed on 2013-05-29T17:00:02Z</marc:subfield>
      </marc:datafield>
      <marc:datafield tag="962" ind1=" " ind2=" ">
         <marc:subfield code="a">Batch:216 reviewed on 2013-05-30T10:00:02Z</marc:subfield>
      </marc:datafield>
      <marc:datafield tag="974" ind1=" " ind2=" ">
         <marc:subfield code="a">agid:484676</marc:subfield>
      </marc:datafield>
   </marc:record>