
   <marc:record>
      <marc:leader>06548nab a2200805 u 4500</marc:leader>
      <marc:controlfield tag="001">9915988261707426</marc:controlfield>
      <marc:controlfield tag="005">20221123035240.0</marc:controlfield>
      <marc:controlfield tag="008">200911e202009 xx |||||o|||||||||||eng||</marc:controlfield>
      <marc:datafield tag="016" ind1="7" ind2=" ">
         <marc:subfield code="a">IND607105629</marc:subfield>
         <marc:subfield code="2">DNAL</marc:subfield>
      </marc:datafield>
      <marc:datafield tag="024" ind1="7" ind2=" ">
         <marc:subfield code="a">10.1111/ejss.12922</marc:subfield>
         <marc:subfield code="2">doi</marc:subfield>
      </marc:datafield>
      <marc:datafield tag="035" ind1=" " ind2=" ">
         <marc:subfield code="a">agid:7105629-01nal_inst</marc:subfield>
      </marc:datafield>
      <marc:datafield tag="040" ind1=" " ind2=" ">
         <marc:subfield code="a">AGL</marc:subfield>
         <marc:subfield code="b">eng</marc:subfield>
         <marc:subfield code="c">AGL</marc:subfield>
      </marc:datafield>
      <marc:datafield tag="100" ind1="1" ind2=" ">
         <marc:subfield code="a">Cai, Andong</marc:subfield>
         <marc:subfield code="e">author</marc:subfield>
         <marc:subfield code="u">National Engineering Laboratory for Improving Quality of Arable Land,
        Institute of Agricultural Resources and Regional Planning, Chinese Academy of Agricultural
        Sciences, Beijing, China</marc:subfield>
      </marc:datafield>
      <marc:datafield tag="245" ind1="1" ind2="4">
         <marc:subfield code="a">The spatial patterns of litter turnover time in Chinese terrestrial
        ecosystems</marc:subfield>
      </marc:datafield>
      <marc:datafield tag="300" ind1=" " ind2=" ">
         <marc:subfield code="a">p. 856-867.</marc:subfield>
      </marc:datafield>
      <marc:datafield tag="500" ind1=" " ind2=" ">
         <marc:subfield code="a">NAL-AP-2-clean</marc:subfield>
      </marc:datafield>
      <marc:datafield tag="500" ind1=" " ind2=" ">
         <marc:subfield code="a">JOURNAL ARTICLE</marc:subfield>
      </marc:datafield>
      <marc:datafield tag="520" ind1=" " ind2=" ">
         <marc:subfield code="a">The feedback between plant, soil and climate is partly determined by plant
        litter turnover time, which is influenced by climate, litter quality and soil properties.
        However, the spatial patterns of litter turnover time and its interrelation with these
        variables are rarely quantified. With a database of 1,378 litter turnover times and key
        associated climate, litter quality and soil properties (total of 20 variables), this study
        investigated the driving factors and spatial patterns of litter turnover time across Chinese
        terrestrial ecosystems. The mean litter turnover time was the longest in forest ecosystems,
        followed by that in grassland and cropland ecosystems. The litter turnover time varied
        significantly depending on the litter quality and climate zone, and increased exponentially
        as latitude increased. Mean annual temperature (MAT) and mean annual precipitation (MAP)
        could accurately predict litter turnover time via negative exponential equations. Among
        these variables, MAT had the greatest influence on litter turnover time, which accounted for
        37.4% of the variation, followed by litter quality (ecosystem types, litter types, C:N of
        litter and lignin content; 33.4%) and soil properties (sand content, soil pH and soil
        organic carbon (SOC); 29.2%) based on a boosted regression tree (BRT) model. Path analysis
        identified that MAT negatively affected litter turnover time both directly and indirectly
        through regulating soil properties and litter quality, which positively and directly
        affected litter turnover time. Finally, the spatial patterns of litter turnover time were
        obtained with a regional dataset of ecosystem types, MAT, sand content, soil pH and SOC as
        BRT model drivers. Overall, our results suggest that climate variables have contrasting
        effects on litter turnover time and could mediate the impact on litter turnover time by
        litter quality and soil properties. These results highlight important implications for
        climate‐smart soil management and can be used to create reliable model predictions.
        HIGHLIGHTS: We explored the driving factors and spatial patterns of litter turnover time in
        various ecosystems Accurate estimates of litter turnover time were obtained from dataset
        from 1,378 experimental sites Litter turnover time exponentially increased as latitude
        increased Climate‐mediated litter quality and soil properties controlled the litter turnover
        time</marc:subfield>
      </marc:datafield>
      <marc:datafield tag="592" ind1=" " ind2=" ">
         <marc:subfield code="a">Publisher supplied data</marc:subfield>
      </marc:datafield>
      <marc:datafield tag="593" ind1=" " ind2=" ">
         <marc:subfield code="a">PubAg article</marc:subfield>
      </marc:datafield>
      <marc:datafield tag="596" ind1=" " ind2=" ">
         <marc:subfield code="c">Chinese Government Scholarship</marc:subfield>
      </marc:datafield>
      <marc:datafield tag="596" ind1=" " ind2=" ">
         <marc:subfield code="a">41620104006</marc:subfield>
         <marc:subfield code="c">National Natural Science Foundation of China</marc:subfield>
      </marc:datafield>
      <marc:datafield tag="596" ind1=" " ind2=" ">
         <marc:subfield code="a">41571298</marc:subfield>
         <marc:subfield code="c">National Natural Science Foundation of China</marc:subfield>
      </marc:datafield>
      <marc:datafield tag="596" ind1=" " ind2=" ">
         <marc:subfield code="a">U1710255</marc:subfield>
         <marc:subfield code="c">National Natural Science Foundation of China</marc:subfield>
      </marc:datafield>
      <marc:datafield tag="650" ind1=" " ind2="3">
         <marc:subfield code="a">atmospheric precipitation</marc:subfield>
      </marc:datafield>
      <marc:datafield tag="650" ind1=" " ind2="3">
         <marc:subfield code="a">climatic zones</marc:subfield>
      </marc:datafield>
      <marc:datafield tag="650" ind1=" " ind2="3">
         <marc:subfield code="a">cropland</marc:subfield>
      </marc:datafield>
      <marc:datafield tag="650" ind1=" " ind2="3">
         <marc:subfield code="a">data collection</marc:subfield>
      </marc:datafield>
      <marc:datafield tag="650" ind1=" " ind2="3">
         <marc:subfield code="a">databases</marc:subfield>
      </marc:datafield>
      <marc:datafield tag="650" ind1=" " ind2="3">
         <marc:subfield code="a">forests</marc:subfield>
      </marc:datafield>
      <marc:datafield tag="650" ind1=" " ind2="3">
         <marc:subfield code="a">grasslands</marc:subfield>
      </marc:datafield>
      <marc:datafield tag="650" ind1=" " ind2="3">
         <marc:subfield code="a">latitude</marc:subfield>
      </marc:datafield>
      <marc:datafield tag="650" ind1=" " ind2="3">
         <marc:subfield code="a">lignin content</marc:subfield>
      </marc:datafield>
      <marc:datafield tag="650" ind1=" " ind2="3">
         <marc:subfield code="a">models</marc:subfield>
      </marc:datafield>
      <marc:datafield tag="650" ind1=" " ind2="3">
         <marc:subfield code="a">path analysis</marc:subfield>
      </marc:datafield>
      <marc:datafield tag="650" ind1=" " ind2="3">
         <marc:subfield code="a">plant litter</marc:subfield>
      </marc:datafield>
      <marc:datafield tag="650" ind1=" " ind2="3">
         <marc:subfield code="a">regression analysis</marc:subfield>
      </marc:datafield>
      <marc:datafield tag="650" ind1=" " ind2="3">
         <marc:subfield code="a">sand fraction</marc:subfield>
      </marc:datafield>
      <marc:datafield tag="650" ind1=" " ind2="3">
         <marc:subfield code="a">soil management</marc:subfield>
      </marc:datafield>
      <marc:datafield tag="650" ind1=" " ind2="3">
         <marc:subfield code="a">soil organic carbon</marc:subfield>
      </marc:datafield>
      <marc:datafield tag="650" ind1=" " ind2="3">
         <marc:subfield code="a">soil pH</marc:subfield>
      </marc:datafield>
      <marc:datafield tag="650" ind1=" " ind2="3">
         <marc:subfield code="a">temperature</marc:subfield>
      </marc:datafield>
      <marc:datafield tag="700" ind1="1" ind2=" ">
         <marc:subfield code="a">Chang, Naijie</marc:subfield>
         <marc:subfield code="e">author</marc:subfield>
         <marc:subfield code="u">National Engineering Laboratory for Improving Quality of Arable Land,
        Institute of Agricultural Resources and Regional Planning, Chinese Academy of Agricultural
        Sciences, Beijing, China</marc:subfield>
      </marc:datafield>
      <marc:datafield tag="700" ind1="1" ind2=" ">
         <marc:subfield code="a">Zhang, Wenju</marc:subfield>
         <marc:subfield code="e">author</marc:subfield>
         <marc:subfield code="u">National Engineering Laboratory for Improving Quality of Arable Land,
        Institute of Agricultural Resources and Regional Planning, Chinese Academy of Agricultural
        Sciences, Beijing, China</marc:subfield>
      </marc:datafield>
      <marc:datafield tag="700" ind1="1" ind2=" ">
         <marc:subfield code="a">Liang, Guopeng</marc:subfield>
         <marc:subfield code="e">author</marc:subfield>
         <marc:subfield code="u">Department of Biology, Utah State University, Logan, Utah</marc:subfield>
      </marc:datafield>
      <marc:datafield tag="700" ind1="1" ind2=" ">
         <marc:subfield code="a">Zhang, Xubo</marc:subfield>
         <marc:subfield code="e">author</marc:subfield>
         <marc:subfield code="u">Key Laboratory of Ecosystem Network Observation and Modeling, Institute of
        Geographic Sciences and Natural Resources Research, Chinese Academy of Sciences, Beijing,
        China</marc:subfield>
      </marc:datafield>
      <marc:datafield tag="700" ind1="1" ind2=" ">
         <marc:subfield code="a">Hou, Enqing</marc:subfield>
         <marc:subfield code="e">author</marc:subfield>
         <marc:subfield code="u">Key Laboratory of Vegetation Restoration and Management of Degraded
        Ecosystems, South China Botanical Garden, Chinese Academy of Sciences, Guangzhou,
        China</marc:subfield>
      </marc:datafield>
      <marc:datafield tag="700" ind1="1" ind2=" ">
         <marc:subfield code="a">Jiang, Lifen</marc:subfield>
         <marc:subfield code="e">author</marc:subfield>
         <marc:subfield code="u">Department of Biological Sciences, Center for Ecosystem Science and
        Society, Northern Arizona University, Flagstaff, Arizona</marc:subfield>
      </marc:datafield>
      <marc:datafield tag="700" ind1="1" ind2=" ">
         <marc:subfield code="a">Chen, Xianni</marc:subfield>
         <marc:subfield code="e">author</marc:subfield>
         <marc:subfield code="u">College of Agriculture, Henan University of Science &amp; Technology,
        Luoyang, China</marc:subfield>
      </marc:datafield>
      <marc:datafield tag="700" ind1="1" ind2=" ">
         <marc:subfield code="a">Xu, Minggang</marc:subfield>
         <marc:subfield code="e">author</marc:subfield>
         <marc:subfield code="u">National Engineering Laboratory for Improving Quality of Arable Land,
        Institute of Agricultural Resources and Regional Planning, Chinese Academy of Agricultural
        Sciences, Beijing, China</marc:subfield>
         <marc:subfield code="1">https://orcid.org/0000-0002-0759-3887</marc:subfield>
      </marc:datafield>
      <marc:datafield tag="700" ind1="1" ind2=" ">
         <marc:subfield code="a">Luo, Yiqi</marc:subfield>
         <marc:subfield code="e">author</marc:subfield>
         <marc:subfield code="u">Department of Biological Sciences, Center for Ecosystem Science and
        Society, Northern Arizona University, Flagstaff, Arizona</marc:subfield>
      </marc:datafield>
      <marc:datafield tag="773" ind1="0" ind2=" ">
         <marc:subfield code="t">European journal of soil science.</marc:subfield>
         <marc:subfield code="g">2020 Sept., v. 71, no. 5 p.856-867</marc:subfield>
         <marc:subfield code="d">Blackwell Publishing Ltd</marc:subfield>
         <marc:subfield code="w">Journal:jnl51589</marc:subfield>
         <marc:subfield code="x">1351-0754</marc:subfield>
         <marc:subfield code="7">nnas</marc:subfield>
      </marc:datafield>
      <marc:datafield tag="787" ind1="1" ind2=" ">
         <marc:subfield code="o">islandora_article_repository</marc:subfield>
      </marc:datafield>
      <marc:datafield tag="787" ind1="1" ind2=" ">
         <marc:subfield code="o">product_pubag</marc:subfield>
      </marc:datafield>
      <marc:datafield tag="787" ind1="1" ind2=" ">
         <marc:subfield code="o">(Journal)jnl51589</marc:subfield>
      </marc:datafield>
      <marc:datafield tag="856" ind1="4" ind2="0">
         <marc:subfield code="u">http://dx.doi.org/10.1111/ejss.12922</marc:subfield>
         <marc:subfield code="3">Available from publisher's site</marc:subfield>
      </marc:datafield>
      <marc:datafield tag="912" ind1=" " ind2=" ">
         <marc:subfield code="a">Article</marc:subfield>
      </marc:datafield>
      <marc:datafield tag="914" ind1=" " ind2=" ">
         <marc:subfield code="a">Journal:jnl51589</marc:subfield>
         <marc:subfield code="b">1351-0754</marc:subfield>
         <marc:subfield code="c">71</marc:subfield>
         <marc:subfield code="d">5</marc:subfield>
         <marc:subfield code="e">856</marc:subfield>
      </marc:datafield>
      <marc:datafield tag="914" ind1=" " ind2=" ">
         <marc:subfield code="f">European journal of soil science</marc:subfield>
      </marc:datafield>
      <marc:datafield tag="916" ind1=" " ind2=" ">
         <marc:subfield code="a">Batch:10115</marc:subfield>
      </marc:datafield>
      <marc:datafield tag="917" ind1=" " ind2=" ">
         <marc:subfield code="a">issued</marc:subfield>
      </marc:datafield>
      <marc:datafield tag="918" ind1="2" ind2=" ">
         <marc:subfield code="a">John Wiley &amp; Sons, Inc</marc:subfield>
         <marc:subfield code="e">provider</marc:subfield>
         <marc:subfield code="5">DNAL</marc:subfield>
      </marc:datafield>
      <marc:datafield tag="935" ind1=" " ind2=" ">
         <marc:subfield code="a">IND607105629</marc:subfield>
         <marc:subfield code="9">ExL</marc:subfield>
      </marc:datafield>
      <marc:datafield tag="949" ind1=" " ind2=" ">
         <marc:subfield code="a">2021-07-06</marc:subfield>
      </marc:datafield>
      <marc:datafield tag="953" ind1=" " ind2=" ">
         <marc:subfield code="a">/data/metadata/incoming/wiley/13510754_2020_71_5.xml</marc:subfield>
      </marc:datafield>
      <marc:datafield tag="954" ind1=" " ind2=" ">
         <marc:subfield code="a">file:/data/metadata/staging/wiley/13510754_2020_71_5.xml</marc:subfield>
      </marc:datafield>
      <marc:datafield tag="955" ind1=" " ind2=" ">
         <marc:subfield code="a">/data/metadata/staging/wiley/</marc:subfield>
      </marc:datafield>
      <marc:datafield tag="974" ind1=" " ind2=" ">
         <marc:subfield code="a">agid:7105629</marc:subfield>
      </marc:datafield>
      <marc:datafield tag="983" ind1=" " ind2=" ">
         <marc:subfield code="a">2020-09-11</marc:subfield>
      </marc:datafield>
      <marc:datafield tag="984" ind1=" " ind2=" ">
         <marc:subfield code="a">2021-07-06</marc:subfield>
      </marc:datafield>
   </marc:record>