
   <marc:record>
      <marc:leader>04315nab a2200661 u 4500</marc:leader>
      <marc:controlfield tag="001">9915988856107426</marc:controlfield>
      <marc:controlfield tag="005">20221123033746.0</marc:controlfield>
      <marc:controlfield tag="008">190415e201601 xx |||||o|||||||||||eng||</marc:controlfield>
      <marc:datafield tag="016" ind1="7" ind2=" ">
         <marc:subfield code="a">IND605272150</marc:subfield>
         <marc:subfield code="2">DNAL</marc:subfield>
      </marc:datafield>
      <marc:datafield tag="024" ind1="7" ind2=" ">
         <marc:subfield code="a">10.1016/j.ecoinf.2015.11.007</marc:subfield>
         <marc:subfield code="2">doi</marc:subfield>
      </marc:datafield>
      <marc:datafield tag="035" ind1=" " ind2=" ">
         <marc:subfield code="a">agid:5272150-01nal_inst</marc:subfield>
      </marc:datafield>
      <marc:datafield tag="040" ind1=" " ind2=" ">
         <marc:subfield code="a">AGL</marc:subfield>
         <marc:subfield code="b">eng</marc:subfield>
         <marc:subfield code="c">AGL</marc:subfield>
      </marc:datafield>
      <marc:datafield tag="100" ind1="1" ind2=" ">
         <marc:subfield code="a">Krasznai, Eszter Á.</marc:subfield>
         <marc:subfield code="e">author</marc:subfield>
         <marc:subfield code="u">Doctoral School of Chemistry and Environmental Sciences, University of
        Pannonia, Egyetem u. 10., H-8200 Veszprém , Hungary</marc:subfield>
      </marc:datafield>
      <marc:datafield tag="245" ind1="1" ind2="0">
         <marc:subfield code="a">Use of self-organizing maps in modelling the distribution patterns of
        gammarids (Crustacea: Amphipoda)</marc:subfield>
      </marc:datafield>
      <marc:datafield tag="300" ind1=" " ind2=" ">
         <marc:subfield code="a">p. 39-48.</marc:subfield>
      </marc:datafield>
      <marc:datafield tag="520" ind1=" " ind2=" ">
         <marc:subfield code="a">Self-organizing maps (SOMs) are increasingly popular methods for processing
        high-dimensional ecological data; however, their potentials are not yet fully utilized. It
        was our objective to prove evidence on an unknown advantage of SOMs, which we aimed to test
        using data on the spatial distributional patterns of gammarids. Quantitative samples and a
        wide spectrum of environmental data were obtained from the catchment area of two of the
        largest side tributaries of the Tisza River. Distributional patterns and habitat preference
        of three Gammarus species were described by self-organizing map methods and regression tree
        analysis (CART) on spatial and temporal scale. Using SOMs helped us bring out distinctions
        in our data and enhance the differences, thus making them easier to recognize and also, with
        their help, we were able to model the relations of the species to habitat types that were
        non-existent among our samples. According to the analysis, Gammarus roeselii preferred low
        altitudes, high conductivity, fine substrate, deep actual mean depth and dense plant
        coverage; Gammarus fossarum preferred rocky stream beds, high altitudes, lower temperatures
        and little actual mean depth; while Gammarus balcanicus preferred coarse substrate, little
        or no plant coverage and low temperatures. SOMs improved the correlations that proved to be
        highly useful: besides their use in displaying complex data in a perspicuous way, they have
        other advantages in bringing out existing relationships in data that would otherwise be
        difficult to detect.</marc:subfield>
      </marc:datafield>
      <marc:datafield tag="592" ind1=" " ind2=" ">
         <marc:subfield code="a">Publisher supplied data</marc:subfield>
      </marc:datafield>
      <marc:datafield tag="593" ind1=" " ind2=" ">
         <marc:subfield code="a">PubAg article</marc:subfield>
      </marc:datafield>
      <marc:datafield tag="650" ind1=" " ind2="3">
         <marc:subfield code="a">Gammarus fossarum</marc:subfield>
      </marc:datafield>
      <marc:datafield tag="650" ind1=" " ind2="3">
         <marc:subfield code="a">Gammarus roeselii</marc:subfield>
      </marc:datafield>
      <marc:datafield tag="650" ind1=" " ind2="3">
         <marc:subfield code="a">altitude</marc:subfield>
      </marc:datafield>
      <marc:datafield tag="650" ind1=" " ind2="3">
         <marc:subfield code="a">habitat preferences</marc:subfield>
      </marc:datafield>
      <marc:datafield tag="650" ind1=" " ind2="3">
         <marc:subfield code="a">habitats</marc:subfield>
      </marc:datafield>
      <marc:datafield tag="650" ind1=" " ind2="3">
         <marc:subfield code="a">models</marc:subfield>
      </marc:datafield>
      <marc:datafield tag="650" ind1=" " ind2="3">
         <marc:subfield code="a">processing technology</marc:subfield>
      </marc:datafield>
      <marc:datafield tag="650" ind1=" " ind2="3">
         <marc:subfield code="a">regression analysis</marc:subfield>
      </marc:datafield>
      <marc:datafield tag="650" ind1=" " ind2="3">
         <marc:subfield code="a">rivers</marc:subfield>
      </marc:datafield>
      <marc:datafield tag="650" ind1=" " ind2="3">
         <marc:subfield code="a">spatial data</marc:subfield>
      </marc:datafield>
      <marc:datafield tag="650" ind1=" " ind2="3">
         <marc:subfield code="a">stream channels</marc:subfield>
      </marc:datafield>
      <marc:datafield tag="650" ind1=" " ind2="3">
         <marc:subfield code="a">temperature</marc:subfield>
      </marc:datafield>
      <marc:datafield tag="650" ind1=" " ind2="3">
         <marc:subfield code="a">watersheds</marc:subfield>
      </marc:datafield>
      <marc:datafield tag="653" ind1=" " ind2="0">
         <marc:subfield code="a">Habitat structure</marc:subfield>
      </marc:datafield>
      <marc:datafield tag="653" ind1=" " ind2="0">
         <marc:subfield code="a">Niche preference</marc:subfield>
      </marc:datafield>
      <marc:datafield tag="653" ind1=" " ind2="0">
         <marc:subfield code="a">Interspecific competition</marc:subfield>
      </marc:datafield>
      <marc:datafield tag="653" ind1=" " ind2="0">
         <marc:subfield code="a">Regression tree</marc:subfield>
      </marc:datafield>
      <marc:datafield tag="700" ind1="1" ind2=" ">
         <marc:subfield code="a">Boda, Pál</marc:subfield>
         <marc:subfield code="e">author</marc:subfield>
         <marc:subfield code="u">Department of Tisza River Research, MTA Centre for Ecological Research, Bem
        tér 18/C, H-4026 Debrecen, Hungary</marc:subfield>
      </marc:datafield>
      <marc:datafield tag="700" ind1="1" ind2=" ">
         <marc:subfield code="a">Csercsa, András</marc:subfield>
         <marc:subfield code="e">author</marc:subfield>
         <marc:subfield code="u">Doctoral School of Chemistry and Environmental Sciences, University of
        Pannonia, Egyetem u. 10., H-8200 Veszprém , Hungary</marc:subfield>
      </marc:datafield>
      <marc:datafield tag="700" ind1="1" ind2=" ">
         <marc:subfield code="a">Ficsór, Márk</marc:subfield>
         <marc:subfield code="e">author</marc:subfield>
         <marc:subfield code="u">Laboratory of North Hungarian Environmental Protection, Nature Conservation
        and Water Inspectorate, Mindszent tér 4., H-3530 Miskolc, Hungary</marc:subfield>
      </marc:datafield>
      <marc:datafield tag="700" ind1="1" ind2=" ">
         <marc:subfield code="a">Várbíró, Gábor</marc:subfield>
         <marc:subfield code="e">author</marc:subfield>
         <marc:subfield code="u">Department of Tisza River Research, MTA Centre for Ecological Research, Bem
        tér 18/C, H-4026 Debrecen, Hungary</marc:subfield>
      </marc:datafield>
      <marc:datafield tag="773" ind1="0" ind2=" ">
         <marc:subfield code="t">Ecological informatics.</marc:subfield>
         <marc:subfield code="g">2016 Jan., v. 31 p.39-48</marc:subfield>
         <marc:subfield code="d">Elsevier B.V.</marc:subfield>
         <marc:subfield code="w">Journal:2190</marc:subfield>
         <marc:subfield code="x">1574-9541</marc:subfield>
         <marc:subfield code="7">nnas</marc:subfield>
      </marc:datafield>
      <marc:datafield tag="787" ind1="1" ind2=" ">
         <marc:subfield code="o">islandora_article_repository</marc:subfield>
      </marc:datafield>
      <marc:datafield tag="787" ind1="1" ind2=" ">
         <marc:subfield code="o">product_pubag</marc:subfield>
      </marc:datafield>
      <marc:datafield tag="787" ind1="1" ind2=" ">
         <marc:subfield code="o">(Journal)2190</marc:subfield>
      </marc:datafield>
      <marc:datafield tag="856" ind1="4" ind2="0">
         <marc:subfield code="u">https://dx.doi.org/10.1016/j.ecoinf.2015.11.007</marc:subfield>
         <marc:subfield code="3">Available from publisher's site</marc:subfield>
      </marc:datafield>
      <marc:datafield tag="912" ind1=" " ind2=" ">
         <marc:subfield code="a">Article</marc:subfield>
      </marc:datafield>
      <marc:datafield tag="914" ind1=" " ind2=" ">
         <marc:subfield code="a">Journal:2190</marc:subfield>
         <marc:subfield code="b">1574-9541</marc:subfield>
         <marc:subfield code="c">31</marc:subfield>
         <marc:subfield code="e">39</marc:subfield>
      </marc:datafield>
      <marc:datafield tag="914" ind1=" " ind2=" ">
         <marc:subfield code="f">Ecological informatics</marc:subfield>
      </marc:datafield>
      <marc:datafield tag="916" ind1=" " ind2=" ">
         <marc:subfield code="a">Batch:1391</marc:subfield>
      </marc:datafield>
      <marc:datafield tag="917" ind1=" " ind2=" ">
         <marc:subfield code="a">issued</marc:subfield>
      </marc:datafield>
      <marc:datafield tag="918" ind1="2" ind2=" ">
         <marc:subfield code="a">Elsevier Consyn</marc:subfield>
         <marc:subfield code="e">provider</marc:subfield>
         <marc:subfield code="5">DNAL</marc:subfield>
      </marc:datafield>
      <marc:datafield tag="935" ind1=" " ind2=" ">
         <marc:subfield code="a">IND605272150</marc:subfield>
         <marc:subfield code="9">ExL</marc:subfield>
      </marc:datafield>
      <marc:datafield tag="949" ind1=" " ind2=" ">
         <marc:subfield code="a">2019-04-15</marc:subfield>
      </marc:datafield>
      <marc:datafield tag="953" ind1=" " ind2=" ">
         <marc:subfield code="a">/data/metadata/incoming/consyn-backfiles/46-2-00104-HEAD-ONLY.zip</marc:subfield>
      </marc:datafield>
      <marc:datafield tag="954" ind1=" " ind2=" ">
         <marc:subfield code="a">file:/data/metadata/staging/consyn-backfiles/S1574954115001880.xml</marc:subfield>
      </marc:datafield>
      <marc:datafield tag="955" ind1=" " ind2=" ">
         <marc:subfield code="a">/data/metadata/staging/consyn-backfiles/</marc:subfield>
      </marc:datafield>
      <marc:datafield tag="974" ind1=" " ind2=" ">
         <marc:subfield code="a">agid:5272150</marc:subfield>
      </marc:datafield>
      <marc:datafield tag="983" ind1=" " ind2=" ">
         <marc:subfield code="a">2019-04-15</marc:subfield>
      </marc:datafield>
      <marc:datafield tag="984" ind1=" " ind2=" ">
         <marc:subfield code="a">2019-04-15</marc:subfield>
      </marc:datafield>
   </marc:record>