
   <marc:record>
      <marc:leader>05549nab a2200757 u 4500</marc:leader>
      <marc:controlfield tag="001">9915988856507426</marc:controlfield>
      <marc:controlfield tag="005">20221123033616.0</marc:controlfield>
      <marc:controlfield tag="008">190415e201601 xx |||||o|||||||||||eng||</marc:controlfield>
      <marc:datafield tag="016" ind1="7" ind2=" ">
         <marc:subfield code="a">IND605272154</marc:subfield>
         <marc:subfield code="2">DNAL</marc:subfield>
      </marc:datafield>
      <marc:datafield tag="024" ind1="7" ind2=" ">
         <marc:subfield code="a">10.1016/j.ecoinf.2015.11.012</marc:subfield>
         <marc:subfield code="2">doi</marc:subfield>
      </marc:datafield>
      <marc:datafield tag="035" ind1=" " ind2=" ">
         <marc:subfield code="a">agid:5272154-01nal_inst</marc:subfield>
      </marc:datafield>
      <marc:datafield tag="040" ind1=" " ind2=" ">
         <marc:subfield code="a">AGL</marc:subfield>
         <marc:subfield code="b">eng</marc:subfield>
         <marc:subfield code="c">AGL</marc:subfield>
      </marc:datafield>
      <marc:datafield tag="100" ind1="1" ind2=" ">
         <marc:subfield code="a">Ulloa, Juan Sebastian</marc:subfield>
         <marc:subfield code="e">author</marc:subfield>
         <marc:subfield code="u">Institut de Systématique, Évolution, Biodiversité, ISYEB UMR 7205
        CNRS-MNHN-UPMC-EPHE, Muséum national d'Histoire naturelle, Sorbonne Universités, Paris,
        France</marc:subfield>
         <marc:subfield code="1">https://orcid.org/0000-0001-5666-6942</marc:subfield>
      </marc:datafield>
      <marc:datafield tag="245" ind1="1" ind2="0">
         <marc:subfield code="a">Screening large audio datasets to determine the time and space distribution
        of Screaming Piha birds in a tropical forest</marc:subfield>
      </marc:datafield>
      <marc:datafield tag="300" ind1=" " ind2=" ">
         <marc:subfield code="a">p. 91-99.</marc:subfield>
      </marc:datafield>
      <marc:datafield tag="520" ind1=" " ind2=" ">
         <marc:subfield code="a">Acoustic monitoring has proved to be an efficient approach to monitor
        wildlife, notably in environments with limited visibility, such as tropical rainforests.
        Today, recording equipment allows acoustic data to be gathered in remote areas at wide
        spatial and temporal scales. The resulting datasets are large and the use of automated
        processing systems to extract relevant information can greatly facilitate their analysis.
        Here, we have developed signal processing techniques to reveal the spatio-temporal dynamics
        of an emblematic bird voice of the neotropical forest: the song of the Screaming Piha
        (Lipaugus vociferans). Using recordings made in a French Guianan lowland forest, with an
        array of 24 microphones in a three dimensional space, we implemented a detection system
        based on spectrogram cross-correlation to trace the vocalisations of L. vociferans. We tuned
        the detection system based on the percentage area under the Receiver Operating
        Characteristic curve, finding a maximum of 95.88%. To strictly minimise false positives, we
        set the operating point to have 34.9% true positives and 0% false positives. We detected a
        total of 12,735 songs attributed to the study bird during 25 study days. We found that
        spatial patterns of lower activity corresponded to a zone having smaller trees and more tree
        gaps — a known liana forest patch — suggesting that Screaming Piha birds tend to avoid
        non-mature primary forests. The sampling sites near the creeks had more detections than the
        sites further away, suggesting that the lek mating arenas might be distributed strategically
        to be near to a source of water. We also found a marked temporal pattern. The lek was active
        during the whole day, from sunrise to sunset, with two peaks of activity shifted by more
        than 2h from the dawn and dusk chorus. The approach described here can be tested using other
        conspicuous and stereotyped sounds that occur within a heterogeneous and noisy background.
        To decipher the complex interacting sounds of the tropical forest, these focal studies on
        specific acoustic elements should be complemented with community or soundscape analysis, to
        demonstrate the human impact on the ecosystem and to provide guidelines for natural resource
        management.</marc:subfield>
      </marc:datafield>
      <marc:datafield tag="592" ind1=" " ind2=" ">
         <marc:subfield code="a">Publisher supplied data</marc:subfield>
      </marc:datafield>
      <marc:datafield tag="593" ind1=" " ind2=" ">
         <marc:subfield code="a">PubAg article</marc:subfield>
      </marc:datafield>
      <marc:datafield tag="650" ind1=" " ind2="3">
         <marc:subfield code="a">acoustics</marc:subfield>
      </marc:datafield>
      <marc:datafield tag="650" ind1=" " ind2="3">
         <marc:subfield code="a">anthropogenic activities</marc:subfield>
      </marc:datafield>
      <marc:datafield tag="650" ind1=" " ind2="3">
         <marc:subfield code="a">birds</marc:subfield>
      </marc:datafield>
      <marc:datafield tag="650" ind1=" " ind2="3">
         <marc:subfield code="a">data collection</marc:subfield>
      </marc:datafield>
      <marc:datafield tag="650" ind1=" " ind2="3">
         <marc:subfield code="a">environmental impact</marc:subfield>
      </marc:datafield>
      <marc:datafield tag="650" ind1=" " ind2="3">
         <marc:subfield code="a">guidelines</marc:subfield>
      </marc:datafield>
      <marc:datafield tag="650" ind1=" " ind2="3">
         <marc:subfield code="a">lekking</marc:subfield>
      </marc:datafield>
      <marc:datafield tag="650" ind1=" " ind2="3">
         <marc:subfield code="a">lowland forests</marc:subfield>
      </marc:datafield>
      <marc:datafield tag="650" ind1=" " ind2="3">
         <marc:subfield code="a">monitoring</marc:subfield>
      </marc:datafield>
      <marc:datafield tag="650" ind1=" " ind2="3">
         <marc:subfield code="a">natural resource management</marc:subfield>
      </marc:datafield>
      <marc:datafield tag="650" ind1=" " ind2="3">
         <marc:subfield code="a">primary forests</marc:subfield>
      </marc:datafield>
      <marc:datafield tag="650" ind1=" " ind2="3">
         <marc:subfield code="a">recording equipment</marc:subfield>
      </marc:datafield>
      <marc:datafield tag="650" ind1=" " ind2="3">
         <marc:subfield code="a">screening</marc:subfield>
      </marc:datafield>
      <marc:datafield tag="650" ind1=" " ind2="3">
         <marc:subfield code="a">space and time</marc:subfield>
      </marc:datafield>
      <marc:datafield tag="650" ind1=" " ind2="3">
         <marc:subfield code="a">streams</marc:subfield>
      </marc:datafield>
      <marc:datafield tag="650" ind1=" " ind2="3">
         <marc:subfield code="a">trees</marc:subfield>
      </marc:datafield>
      <marc:datafield tag="650" ind1=" " ind2="3">
         <marc:subfield code="a">tropical rain forests</marc:subfield>
      </marc:datafield>
      <marc:datafield tag="650" ind1=" " ind2="3">
         <marc:subfield code="a">vocalization</marc:subfield>
      </marc:datafield>
      <marc:datafield tag="650" ind1=" " ind2="3">
         <marc:subfield code="a">wildlife</marc:subfield>
      </marc:datafield>
      <marc:datafield tag="653" ind1=" " ind2="0">
         <marc:subfield code="a">Ecoacoustic monitoring</marc:subfield>
      </marc:datafield>
      <marc:datafield tag="653" ind1=" " ind2="0">
         <marc:subfield code="a">Tropical rainforest</marc:subfield>
      </marc:datafield>
      <marc:datafield tag="653" ind1=" " ind2="0">
         <marc:subfield code="a">Signal processing</marc:subfield>
      </marc:datafield>
      <marc:datafield tag="653" ind1=" " ind2="0">
         <marc:subfield code="a">Pattern recognition</marc:subfield>
      </marc:datafield>
      <marc:datafield tag="653" ind1=" " ind2="0">
         <marc:subfield code="a">Soundmark</marc:subfield>
      </marc:datafield>
      <marc:datafield tag="700" ind1="1" ind2=" ">
         <marc:subfield code="a">Gasc, Amandine</marc:subfield>
         <marc:subfield code="e">author</marc:subfield>
         <marc:subfield code="u">Institut de Systématique, Évolution, Biodiversité, ISYEB UMR 7205
        CNRS-MNHN-UPMC-EPHE, Muséum national d'Histoire naturelle, Sorbonne Universités, Paris,
        France</marc:subfield>
      </marc:datafield>
      <marc:datafield tag="700" ind1="1" ind2=" ">
         <marc:subfield code="a">Gaucher, Phillipe</marc:subfield>
         <marc:subfield code="e">author</marc:subfield>
         <marc:subfield code="u">CNRS USR 3456 Guyane, Immeuble Le Relais, 2 Avenue Gustave Charlery,
        Cayenne, France</marc:subfield>
      </marc:datafield>
      <marc:datafield tag="700" ind1="1" ind2=" ">
         <marc:subfield code="a">Aubin, Thierry</marc:subfield>
         <marc:subfield code="e">author</marc:subfield>
         <marc:subfield code="u">Equipe Communications Acoustiques, Neuro-PSI, UMR 9197 CNRS-Université
        Paris-Sud, 91405 Orsay, France</marc:subfield>
      </marc:datafield>
      <marc:datafield tag="700" ind1="1" ind2=" ">
         <marc:subfield code="a">Réjou-Méchain, Maxime</marc:subfield>
         <marc:subfield code="e">author</marc:subfield>
         <marc:subfield code="u">Laboratoire Évolution et Diversité Biologique, UMR 5174 CNRS-Université
        Paul Sabatier-ENFA, Toulouse, France</marc:subfield>
      </marc:datafield>
      <marc:datafield tag="700" ind1="1" ind2=" ">
         <marc:subfield code="a">Sueur, Jérôme</marc:subfield>
         <marc:subfield code="e">author</marc:subfield>
         <marc:subfield code="u">Institut de Systématique, Évolution, Biodiversité, ISYEB UMR 7205
        CNRS-MNHN-UPMC-EPHE, Muséum national d'Histoire naturelle, Sorbonne Universités, Paris,
        France</marc:subfield>
      </marc:datafield>
      <marc:datafield tag="773" ind1="0" ind2=" ">
         <marc:subfield code="t">Ecological informatics.</marc:subfield>
         <marc:subfield code="g">2016 Jan., v. 31 p.91-99</marc:subfield>
         <marc:subfield code="d">Elsevier B.V.</marc:subfield>
         <marc:subfield code="w">Journal:2190</marc:subfield>
         <marc:subfield code="x">1574-9541</marc:subfield>
         <marc:subfield code="7">nnas</marc:subfield>
      </marc:datafield>
      <marc:datafield tag="787" ind1="1" ind2=" ">
         <marc:subfield code="o">islandora_article_repository</marc:subfield>
      </marc:datafield>
      <marc:datafield tag="787" ind1="1" ind2=" ">
         <marc:subfield code="o">product_pubag</marc:subfield>
      </marc:datafield>
      <marc:datafield tag="787" ind1="1" ind2=" ">
         <marc:subfield code="o">(Journal)2190</marc:subfield>
      </marc:datafield>
      <marc:datafield tag="856" ind1="4" ind2="0">
         <marc:subfield code="u">https://dx.doi.org/10.1016/j.ecoinf.2015.11.012</marc:subfield>
         <marc:subfield code="3">Available from publisher's site</marc:subfield>
      </marc:datafield>
      <marc:datafield tag="912" ind1=" " ind2=" ">
         <marc:subfield code="a">Article</marc:subfield>
      </marc:datafield>
      <marc:datafield tag="914" ind1=" " ind2=" ">
         <marc:subfield code="a">Journal:2190</marc:subfield>
         <marc:subfield code="b">1574-9541</marc:subfield>
         <marc:subfield code="c">31</marc:subfield>
         <marc:subfield code="e">91</marc:subfield>
      </marc:datafield>
      <marc:datafield tag="914" ind1=" " ind2=" ">
         <marc:subfield code="f">Ecological informatics</marc:subfield>
      </marc:datafield>
      <marc:datafield tag="916" ind1=" " ind2=" ">
         <marc:subfield code="a">Batch:1391</marc:subfield>
      </marc:datafield>
      <marc:datafield tag="917" ind1=" " ind2=" ">
         <marc:subfield code="a">issued</marc:subfield>
      </marc:datafield>
      <marc:datafield tag="918" ind1="2" ind2=" ">
         <marc:subfield code="a">Elsevier Consyn</marc:subfield>
         <marc:subfield code="e">provider</marc:subfield>
         <marc:subfield code="5">DNAL</marc:subfield>
      </marc:datafield>
      <marc:datafield tag="935" ind1=" " ind2=" ">
         <marc:subfield code="a">IND605272154</marc:subfield>
         <marc:subfield code="9">ExL</marc:subfield>
      </marc:datafield>
      <marc:datafield tag="949" ind1=" " ind2=" ">
         <marc:subfield code="a">2019-04-15</marc:subfield>
      </marc:datafield>
      <marc:datafield tag="953" ind1=" " ind2=" ">
         <marc:subfield code="a">/data/metadata/incoming/consyn-backfiles/46-2-00104-HEAD-ONLY.zip</marc:subfield>
      </marc:datafield>
      <marc:datafield tag="954" ind1=" " ind2=" ">
         <marc:subfield code="a">file:/data/metadata/staging/consyn-backfiles/S1574954115001934.xml</marc:subfield>
      </marc:datafield>
      <marc:datafield tag="955" ind1=" " ind2=" ">
         <marc:subfield code="a">/data/metadata/staging/consyn-backfiles/</marc:subfield>
      </marc:datafield>
      <marc:datafield tag="974" ind1=" " ind2=" ">
         <marc:subfield code="a">agid:5272154</marc:subfield>
      </marc:datafield>
      <marc:datafield tag="983" ind1=" " ind2=" ">
         <marc:subfield code="a">2019-04-15</marc:subfield>
      </marc:datafield>
      <marc:datafield tag="984" ind1=" " ind2=" ">
         <marc:subfield code="a">2019-04-15</marc:subfield>
      </marc:datafield>
   </marc:record>