
   <marc:record>
      <marc:leader>06216nab a2200829 u 4500</marc:leader>
      <marc:controlfield tag="001">9915989200707426</marc:controlfield>
      <marc:controlfield tag="005">20221120103323.0</marc:controlfield>
      <marc:controlfield tag="008">220523e20220401xx |||||o|||||||||||eng||</marc:controlfield>
      <marc:datafield tag="016" ind1="7" ind2=" ">
         <marc:subfield code="a">IND607671227</marc:subfield>
         <marc:subfield code="2">DNAL</marc:subfield>
      </marc:datafield>
      <marc:datafield tag="024" ind1="7" ind2=" ">
         <marc:subfield code="a">10.1016/j.agrformet.2022.108862</marc:subfield>
         <marc:subfield code="2">doi</marc:subfield>
      </marc:datafield>
      <marc:datafield tag="035" ind1=" " ind2=" ">
         <marc:subfield code="a">agid:7671227-01nal_inst</marc:subfield>
      </marc:datafield>
      <marc:datafield tag="040" ind1=" " ind2=" ">
         <marc:subfield code="a">AGL</marc:subfield>
         <marc:subfield code="b">eng</marc:subfield>
         <marc:subfield code="c">AGL</marc:subfield>
      </marc:datafield>
      <marc:datafield tag="100" ind1="1" ind2=" ">
         <marc:subfield code="a">Song, Liang</marc:subfield>
         <marc:subfield code="e">author</marc:subfield>
         <marc:subfield code="u">CAS Key Laboratory of Tropical Forest Ecology, Xishuangbanna Tropical
        Botanical Garden, Chinese Academy of Sciences, Menglun, Yunnan, 666303, China</marc:subfield>
      </marc:datafield>
      <marc:datafield tag="245" ind1="1" ind2="0">
         <marc:subfield code="a">Spatial-temporal differentiations in water use of coexisting trees from a
        subtropical evergreen broadleaved forest in Southwest China</marc:subfield>
      </marc:datafield>
      <marc:datafield tag="520" ind1=" " ind2=" ">
         <marc:subfield code="a">Southern China houses the largest subtropical broadleaf forest in the
        world, with abundant rainfall brought by the Pacific and Indian monsoons. As the intensity
        and frequency of drought are increasing, understanding the water use patterns of
        co-occurring trees is a key issue for predicting the response of these subtropical forests.
        The water uptake depths and water use-related leaf traits of three dominant canopy tree
        species at different ages (DBH) were investigated in a subtropical forest (2018–2019). We
        found that the δ²H and δ¹⁸O of various water pools, such as fog, soil, stream, lake, and
        groundwater, plotted almost entirely on the local meteoric water lines (2018: y = 8.2x
        +11.5; 2019: y = 8.1x +10.4). This result suggested that water bodies within the forest
        experienced minor evaporation. An interspecific partitioning of water acquisition was
        detected among tree species of similar ages in 2018 (a regular year), but they tapped soil
        water from similar depths after experiencing drought event in 2019. Most large (DBH &gt;
        50 cm) and middle-sized (15 cm &lt; DBH &lt; 30 cm) trees switched their major water sources
        from shallow (2018) to deep (2019) soil layers, whereas the seedlings (DBH &lt; 2 cm) relied
        on shallow soil water during the study periods. The water use patterns of different trees
        were related to the leaf-level intrinsic water use efficiency (WUEᵢ) and specific leaf area
        (SLA). The spatial-temporal differentiation of water use in regular years can facilitate
        plant co-existence among the canopy trees, but the interspecific competition for similar
        water sources in drought years may increase the risk of tree dieback in the subtropical
        forests. These fingdings provide a mechanistic explanation for the high diversity of
        subtropical forests in China from the perspective of differentiation in plant water
        use.</marc:subfield>
      </marc:datafield>
      <marc:datafield tag="592" ind1=" " ind2=" ">
         <marc:subfield code="a">Publisher supplied data</marc:subfield>
      </marc:datafield>
      <marc:datafield tag="593" ind1=" " ind2=" ">
         <marc:subfield code="a">PubAg article</marc:subfield>
      </marc:datafield>
      <marc:datafield tag="650" ind1=" " ind2="3">
         <marc:subfield code="a">canopy</marc:subfield>
      </marc:datafield>
      <marc:datafield tag="650" ind1=" " ind2="3">
         <marc:subfield code="a">deciduous forests</marc:subfield>
      </marc:datafield>
      <marc:datafield tag="650" ind1=" " ind2="3">
         <marc:subfield code="a">dieback</marc:subfield>
      </marc:datafield>
      <marc:datafield tag="650" ind1=" " ind2="3">
         <marc:subfield code="a">drought</marc:subfield>
      </marc:datafield>
      <marc:datafield tag="650" ind1=" " ind2="3">
         <marc:subfield code="a">evaporation</marc:subfield>
      </marc:datafield>
      <marc:datafield tag="650" ind1=" " ind2="3">
         <marc:subfield code="a">groundwater</marc:subfield>
      </marc:datafield>
      <marc:datafield tag="650" ind1=" " ind2="3">
         <marc:subfield code="a">interspecific competition</marc:subfield>
      </marc:datafield>
      <marc:datafield tag="650" ind1=" " ind2="3">
         <marc:subfield code="a">lakes</marc:subfield>
      </marc:datafield>
      <marc:datafield tag="650" ind1=" " ind2="3">
         <marc:subfield code="a">leaves</marc:subfield>
      </marc:datafield>
      <marc:datafield tag="650" ind1=" " ind2="3">
         <marc:subfield code="a">meteorology</marc:subfield>
      </marc:datafield>
      <marc:datafield tag="650" ind1=" " ind2="3">
         <marc:subfield code="a">rain</marc:subfield>
      </marc:datafield>
      <marc:datafield tag="650" ind1=" " ind2="3">
         <marc:subfield code="a">risk</marc:subfield>
      </marc:datafield>
      <marc:datafield tag="650" ind1=" " ind2="3">
         <marc:subfield code="a">soil water</marc:subfield>
      </marc:datafield>
      <marc:datafield tag="650" ind1=" " ind2="3">
         <marc:subfield code="a">specific leaf area</marc:subfield>
      </marc:datafield>
      <marc:datafield tag="650" ind1=" " ind2="3">
         <marc:subfield code="a">streams</marc:subfield>
      </marc:datafield>
      <marc:datafield tag="650" ind1=" " ind2="3">
         <marc:subfield code="a">trees</marc:subfield>
      </marc:datafield>
      <marc:datafield tag="650" ind1=" " ind2="3">
         <marc:subfield code="a">tropical forests</marc:subfield>
      </marc:datafield>
      <marc:datafield tag="650" ind1=" " ind2="3">
         <marc:subfield code="a">water uptake</marc:subfield>
      </marc:datafield>
      <marc:datafield tag="650" ind1=" " ind2="3">
         <marc:subfield code="a">water use efficiency</marc:subfield>
      </marc:datafield>
      <marc:datafield tag="651" ind1=" " ind2="3">
         <marc:subfield code="a">China</marc:subfield>
      </marc:datafield>
      <marc:datafield tag="653" ind1=" " ind2="0">
         <marc:subfield code="a">Hydraulic niche</marc:subfield>
      </marc:datafield>
      <marc:datafield tag="653" ind1=" " ind2="0">
         <marc:subfield code="a">Interspecific competition</marc:subfield>
      </marc:datafield>
      <marc:datafield tag="653" ind1=" " ind2="0">
         <marc:subfield code="a">Species coexistence</marc:subfield>
      </marc:datafield>
      <marc:datafield tag="653" ind1=" " ind2="0">
         <marc:subfield code="a">Stable isotopes</marc:subfield>
      </marc:datafield>
      <marc:datafield tag="653" ind1=" " ind2="0">
         <marc:subfield code="a">Water use pattern</marc:subfield>
      </marc:datafield>
      <marc:datafield tag="700" ind1="1" ind2=" ">
         <marc:subfield code="a">Yang, Bin</marc:subfield>
         <marc:subfield code="e">author</marc:subfield>
         <marc:subfield code="u">CAS Key Laboratory of Tropical Forest Ecology, Xishuangbanna Tropical
        Botanical Garden, Chinese Academy of Sciences, Menglun, Yunnan, 666303, China</marc:subfield>
         <marc:subfield code="1">https://orcid.org/0000-0003-1893-2562</marc:subfield>
      </marc:datafield>
      <marc:datafield tag="700" ind1="1" ind2=" ">
         <marc:subfield code="a">Liu, Lu-Lu</marc:subfield>
         <marc:subfield code="e">author</marc:subfield>
         <marc:subfield code="u">CAS Key Laboratory of Tropical Forest Ecology, Xishuangbanna Tropical
        Botanical Garden, Chinese Academy of Sciences, Menglun, Yunnan, 666303, China</marc:subfield>
      </marc:datafield>
      <marc:datafield tag="700" ind1="1" ind2=" ">
         <marc:subfield code="a">Mo, Yu-Xuan</marc:subfield>
         <marc:subfield code="e">author</marc:subfield>
         <marc:subfield code="u">CAS Key Laboratory of Tropical Forest Ecology, Xishuangbanna Tropical
        Botanical Garden, Chinese Academy of Sciences, Menglun, Yunnan, 666303, China</marc:subfield>
      </marc:datafield>
      <marc:datafield tag="700" ind1="1" ind2=" ">
         <marc:subfield code="a">Liu, Wen-Jie</marc:subfield>
         <marc:subfield code="e">author</marc:subfield>
         <marc:subfield code="u">CAS Key Laboratory of Tropical Forest Ecology, Xishuangbanna Tropical
        Botanical Garden, Chinese Academy of Sciences, Menglun, Yunnan, 666303, China</marc:subfield>
      </marc:datafield>
      <marc:datafield tag="700" ind1="1" ind2=" ">
         <marc:subfield code="a">Meng, Xian-Jing</marc:subfield>
         <marc:subfield code="e">author</marc:subfield>
         <marc:subfield code="u">Thermo Fisher Scientific, Shanghai, 201206, China</marc:subfield>
      </marc:datafield>
      <marc:datafield tag="700" ind1="1" ind2=" ">
         <marc:subfield code="a">Lu, Hua-Zheng</marc:subfield>
         <marc:subfield code="e">author</marc:subfield>
         <marc:subfield code="u">CAS Key Laboratory of Tropical Forest Ecology, Xishuangbanna Tropical
        Botanical Garden, Chinese Academy of Sciences, Menglun, Yunnan, 666303, China</marc:subfield>
      </marc:datafield>
      <marc:datafield tag="700" ind1="1" ind2=" ">
         <marc:subfield code="a">Li, Yuan</marc:subfield>
         <marc:subfield code="e">author</marc:subfield>
         <marc:subfield code="u">CAS Key Laboratory of Tropical Forest Ecology, Xishuangbanna Tropical
        Botanical Garden, Chinese Academy of Sciences, Menglun, Yunnan, 666303, China</marc:subfield>
      </marc:datafield>
      <marc:datafield tag="700" ind1="1" ind2=" ">
         <marc:subfield code="a">Zakari, Sissou</marc:subfield>
         <marc:subfield code="e">author</marc:subfield>
         <marc:subfield code="u">Laboratory of Hydraulics and Environmental Modeling, Faculté d'Agronomie,
        Université de Parakou, Parakou, 03 BP 351, Benin</marc:subfield>
      </marc:datafield>
      <marc:datafield tag="700" ind1="1" ind2=" ">
         <marc:subfield code="a">Tan, Zheng-Hong</marc:subfield>
         <marc:subfield code="e">author</marc:subfield>
         <marc:subfield code="u">Ecology Program, School of Ecology &amp; Environment, Hainan University,
        Haikou, Hainan, 570228, China</marc:subfield>
      </marc:datafield>
      <marc:datafield tag="700" ind1="1" ind2=" ">
         <marc:subfield code="a">Fan, Ze-Xin</marc:subfield>
         <marc:subfield code="e">author</marc:subfield>
         <marc:subfield code="u">CAS Key Laboratory of Tropical Forest Ecology, Xishuangbanna Tropical
        Botanical Garden, Chinese Academy of Sciences, Menglun, Yunnan, 666303, China</marc:subfield>
      </marc:datafield>
      <marc:datafield tag="700" ind1="1" ind2=" ">
         <marc:subfield code="a">Zhang, Yong-Jiang</marc:subfield>
         <marc:subfield code="e">author</marc:subfield>
         <marc:subfield code="u">School of Biology and Ecology, University of Maine, Orono, ME 04469, United
        States of America</marc:subfield>
         <marc:subfield code="1">https://orcid.org/0000-0001-5637-3015</marc:subfield>
      </marc:datafield>
      <marc:datafield tag="773" ind1="0" ind2=" ">
         <marc:subfield code="t">Agricultural and forest meteorology.</marc:subfield>
         <marc:subfield code="g">2022 Apr. 01, v. 316 p.108862-</marc:subfield>
         <marc:subfield code="d">Elsevier B.V.</marc:subfield>
         <marc:subfield code="w">Journal:jnl43250</marc:subfield>
         <marc:subfield code="x">0168-1923</marc:subfield>
         <marc:subfield code="7">nnas</marc:subfield>
      </marc:datafield>
      <marc:datafield tag="787" ind1="1" ind2=" ">
         <marc:subfield code="o">islandora_article_repository</marc:subfield>
      </marc:datafield>
      <marc:datafield tag="787" ind1="1" ind2=" ">
         <marc:subfield code="o">product_pubag</marc:subfield>
      </marc:datafield>
      <marc:datafield tag="787" ind1="1" ind2=" ">
         <marc:subfield code="o">(Journal)jnl43250</marc:subfield>
      </marc:datafield>
      <marc:datafield tag="856" ind1="4" ind2="0">
         <marc:subfield code="u">https://dx.doi.org/10.1016/j.agrformet.2022.108862</marc:subfield>
         <marc:subfield code="3">Available from publisher's site</marc:subfield>
      </marc:datafield>
      <marc:datafield tag="912" ind1=" " ind2=" ">
         <marc:subfield code="a">Article</marc:subfield>
      </marc:datafield>
      <marc:datafield tag="914" ind1=" " ind2=" ">
         <marc:subfield code="a">Journal:jnl43250</marc:subfield>
         <marc:subfield code="b">0168-1923</marc:subfield>
         <marc:subfield code="c">316</marc:subfield>
         <marc:subfield code="e">108862</marc:subfield>
      </marc:datafield>
      <marc:datafield tag="914" ind1=" " ind2=" ">
         <marc:subfield code="f">Agricultural and forest meteorology</marc:subfield>
      </marc:datafield>
      <marc:datafield tag="916" ind1=" " ind2=" ">
         <marc:subfield code="a">Batch:10238</marc:subfield>
      </marc:datafield>
      <marc:datafield tag="917" ind1=" " ind2=" ">
         <marc:subfield code="a">issued</marc:subfield>
      </marc:datafield>
      <marc:datafield tag="918" ind1="2" ind2=" ">
         <marc:subfield code="a">Elsevier Consyn</marc:subfield>
         <marc:subfield code="e">provider</marc:subfield>
         <marc:subfield code="5">DNAL</marc:subfield>
      </marc:datafield>
      <marc:datafield tag="935" ind1=" " ind2=" ">
         <marc:subfield code="a">IND607671227</marc:subfield>
         <marc:subfield code="9">ExL</marc:subfield>
      </marc:datafield>
      <marc:datafield tag="949" ind1=" " ind2=" ">
         <marc:subfield code="a">2022-05-17</marc:subfield>
      </marc:datafield>
      <marc:datafield tag="953" ind1=" " ind2=" ">
         <marc:subfield code="a">/data/metadata/incoming/consyn/175079966703713205-00002-HEAD-ONLY-NEW
        CONSYN ISSNS.zip</marc:subfield>
      </marc:datafield>
      <marc:datafield tag="954" ind1=" " ind2=" ">
         <marc:subfield code="a">file:/data/metadata/staging/consyn/S0168192322000557.xml</marc:subfield>
      </marc:datafield>
      <marc:datafield tag="955" ind1=" " ind2=" ">
         <marc:subfield code="a">/data/metadata/staging/consyn/</marc:subfield>
      </marc:datafield>
      <marc:datafield tag="974" ind1=" " ind2=" ">
         <marc:subfield code="a">agid:7671227</marc:subfield>
      </marc:datafield>
      <marc:datafield tag="983" ind1=" " ind2=" ">
         <marc:subfield code="a">2022-05-23</marc:subfield>
      </marc:datafield>
      <marc:datafield tag="984" ind1=" " ind2=" ">
         <marc:subfield code="a">2022-05-23</marc:subfield>
      </marc:datafield>
   </marc:record>