
   <marc:record>
      <marc:leader>03528nab a2200613 u 4500</marc:leader>
      <marc:controlfield tag="001">9915990244207426</marc:controlfield>
      <marc:controlfield tag="005">20221121155321.0</marc:controlfield>
      <marc:controlfield tag="008">070321e20061115xx |||||o|||||||||||eng||</marc:controlfield>
      <marc:datafield tag="016" ind1="7" ind2=" ">
         <marc:subfield code="a">IND43895403</marc:subfield>
         <marc:subfield code="2">DNAL</marc:subfield>
      </marc:datafield>
      <marc:datafield tag="024" ind1="7" ind2=" ">
         <marc:subfield code="a">10.1016/j.jhydrol.2006.04.032</marc:subfield>
         <marc:subfield code="2">doi</marc:subfield>
      </marc:datafield>
      <marc:datafield tag="035" ind1=" " ind2=" ">
         <marc:subfield code="a">agid:702838-01nal_inst</marc:subfield>
      </marc:datafield>
      <marc:datafield tag="040" ind1=" " ind2=" ">
         <marc:subfield code="a">AGL</marc:subfield>
         <marc:subfield code="b">eng</marc:subfield>
         <marc:subfield code="c">AGL</marc:subfield>
      </marc:datafield>
      <marc:datafield tag="072" ind1=" " ind2="0">
         <marc:subfield code="a">F600</marc:subfield>
      </marc:datafield>
      <marc:datafield tag="072" ind1=" " ind2="0">
         <marc:subfield code="a">K001</marc:subfield>
      </marc:datafield>
      <marc:datafield tag="100" ind1="1" ind2=" ">
         <marc:subfield code="a">Staelens, J.</marc:subfield>
      </marc:datafield>
      <marc:datafield tag="245" ind1="1" ind2="0">
         <marc:subfield code="a">Spatial variability and temporal stability of throughfall water under a
        dominant beech (Fagus sylvatica L.) tree in relationship to canopy cover</marc:subfield>
      </marc:datafield>
      <marc:datafield tag="300" ind1=" " ind2=" ">
         <marc:subfield code="a">p. 651-662.</marc:subfield>
      </marc:datafield>
      <marc:datafield tag="500" ind1=" " ind2=" ">
         <marc:subfield code="a">Includes references</marc:subfield>
      </marc:datafield>
      <marc:datafield tag="500" ind1=" " ind2=" ">
         <marc:subfield code="a">2019-12-06</marc:subfield>
      </marc:datafield>
      <marc:datafield tag="520" ind1=" " ind2=" ">
         <marc:subfield code="a">Although the spatial heterogeneity of throughfall water (TF) under forest
        canopies has been related to vegetation structure in several forest types, few reports have
        been made of the driving factors of small-scale TF variability in deciduous stands.
        Therefore, the spatial variability of the amount of TF water under one dominant beech (Fagus
        sylvatica L.) tree was quantified in high temporal and spatial resolution over a 2-year
        period to examine the temporal stability of spatial TF variability and to relate spatial TF
        patterns to canopy cover determined photographically above each TF collector (n = 48). The
        spatial variability of TF was significantly higher during the leafed periods (coefficient of
        variation (CV) = 18%) than during the leafless periods (CV = 8%), and a strong negative
        relationship was observed between the CV of event TF and the TF fraction of rainfall in the
        open field. Geostatistical analysis showed that the cumulative TF water during the leafed
        periods was spatially correlated up to a distance of 3-4 m. There was a significant temporal
        stability of spatial TF patterns in the growing periods and in the dormant periods, but
        patterns differed largely between the two periods of the year. TF water during the growing
        periods significantly decreased with increasing canopy cover above the sampling locations (r
        = -0.54, p = 0.014, n = 20), but was more closely correlated with branch cover (r = -0.77, p
        &lt; 0.001). However, the spatial pattern of TF during defoliated conditions was not related
        to the measured variation in branch cover.</marc:subfield>
      </marc:datafield>
      <marc:datafield tag="593" ind1=" " ind2=" ">
         <marc:subfield code="a">PubAg article</marc:subfield>
      </marc:datafield>
      <marc:datafield tag="650" ind1=" " ind2="3">
         <marc:subfield code="a">deciduous forests</marc:subfield>
      </marc:datafield>
      <marc:datafield tag="650" ind1=" " ind2="3">
         <marc:subfield code="a">throughfall</marc:subfield>
      </marc:datafield>
      <marc:datafield tag="650" ind1=" " ind2="3">
         <marc:subfield code="a">forest hydrology</marc:subfield>
      </marc:datafield>
      <marc:datafield tag="650" ind1=" " ind2="3">
         <marc:subfield code="a">seasonal variation</marc:subfield>
      </marc:datafield>
      <marc:datafield tag="650" ind1=" " ind2="3">
         <marc:subfield code="a">spatial variation</marc:subfield>
      </marc:datafield>
      <marc:datafield tag="650" ind1=" " ind2="3">
         <marc:subfield code="a">overstory</marc:subfield>
      </marc:datafield>
      <marc:datafield tag="650" ind1=" " ind2="3">
         <marc:subfield code="a">Fagus sylvatica</marc:subfield>
      </marc:datafield>
      <marc:datafield tag="651" ind1=" " ind2="3">
         <marc:subfield code="a">Belgium</marc:subfield>
      </marc:datafield>
      <marc:datafield tag="653" ind1=" " ind2="0">
         <marc:subfield code="a">temporal variation</marc:subfield>
      </marc:datafield>
      <marc:datafield tag="653" ind1=" " ind2="0">
         <marc:subfield code="a">crown</marc:subfield>
      </marc:datafield>
      <marc:datafield tag="700" ind1="1" ind2=" ">
         <marc:subfield code="a">Schrijver, A. de</marc:subfield>
      </marc:datafield>
      <marc:datafield tag="700" ind1="1" ind2=" ">
         <marc:subfield code="a">Verheyen, K.</marc:subfield>
      </marc:datafield>
      <marc:datafield tag="700" ind1="1" ind2=" ">
         <marc:subfield code="a">Verhoest, N.E.C.</marc:subfield>
      </marc:datafield>
      <marc:datafield tag="773" ind1="0" ind2=" ">
         <marc:subfield code="t">Journal of hydrology.</marc:subfield>
         <marc:subfield code="g">2006 Nov. 15, v. 330, no. 3-4 p.651-662</marc:subfield>
         <marc:subfield code="d">Elsevier</marc:subfield>
         <marc:subfield code="x">0022-1694</marc:subfield>
         <marc:subfield code="7">nnas</marc:subfield>
      </marc:datafield>
      <marc:datafield tag="787" ind1="1" ind2=" ">
         <marc:subfield code="o">islandora_article_repository</marc:subfield>
      </marc:datafield>
      <marc:datafield tag="787" ind1="1" ind2=" ">
         <marc:subfield code="o">product_pubag</marc:subfield>
      </marc:datafield>
      <marc:datafield tag="787" ind1="1" ind2=" ">
         <marc:subfield code="o">(Journal)jnl46539</marc:subfield>
      </marc:datafield>
      <marc:datafield tag="852" ind1=" " ind2=" ">
         <marc:subfield code="a">DNAL</marc:subfield>
      </marc:datafield>
      <marc:datafield tag="856" ind1="4" ind2="0">
         <marc:subfield code="u">http://dx.doi.org/10.1016/j.jhydrol.2006.04.032</marc:subfield>
         <marc:subfield code="3">Available from publisher's Web site</marc:subfield>
      </marc:datafield>
      <marc:datafield tag="912" ind1=" " ind2=" ">
         <marc:subfield code="a">Article</marc:subfield>
      </marc:datafield>
      <marc:datafield tag="914" ind1=" " ind2=" ">
         <marc:subfield code="a">Journal:jnl46539</marc:subfield>
         <marc:subfield code="b">0022-1694</marc:subfield>
         <marc:subfield code="c">330</marc:subfield>
         <marc:subfield code="d">3-4</marc:subfield>
         <marc:subfield code="e">651</marc:subfield>
      </marc:datafield>
      <marc:datafield tag="914" ind1=" " ind2=" ">
         <marc:subfield code="f">Journal of hydrology</marc:subfield>
      </marc:datafield>
      <marc:datafield tag="917" ind1=" " ind2=" ">
         <marc:subfield code="a">issued</marc:subfield>
      </marc:datafield>
      <marc:datafield tag="930" ind1=" " ind2=" ">
         <marc:subfield code="a">20071205</marc:subfield>
         <marc:subfield code="b">20080102</marc:subfield>
         <marc:subfield code="c">00000000</marc:subfield>
      </marc:datafield>
      <marc:datafield tag="935" ind1=" " ind2=" ">
         <marc:subfield code="a">IND43895403</marc:subfield>
         <marc:subfield code="9">ExL</marc:subfield>
      </marc:datafield>
      <marc:datafield tag="945" ind1=" " ind2=" ">
         <marc:subfield code="a">IND</marc:subfield>
         <marc:subfield code="d">RHF</marc:subfield>
         <marc:subfield code="e">2007/11/28</marc:subfield>
      </marc:datafield>
      <marc:datafield tag="946" ind1=" " ind2=" ">
         <marc:subfield code="a">Non-US</marc:subfield>
      </marc:datafield>
      <marc:datafield tag="949" ind1=" " ind2=" ">
         <marc:subfield code="a">2014-07-17</marc:subfield>
      </marc:datafield>
      <marc:datafield tag="952" ind1=" " ind2=" ">
         <marc:subfield code="a">20071205 20080102 00000000</marc:subfield>
         <marc:subfield code="b">IND RHF 2007/11/28</marc:subfield>
      </marc:datafield>
      <marc:datafield tag="974" ind1=" " ind2=" ">
         <marc:subfield code="a">agid:702838</marc:subfield>
      </marc:datafield>
      <marc:datafield tag="984" ind1=" " ind2=" ">
         <marc:subfield code="a">2014-07-23</marc:subfield>
      </marc:datafield>
      <marc:datafield tag="985" ind1=" " ind2=" ">
         <marc:subfield code="a">Converted from MARCXML to MODS version 3.4 using MARC21slim2MODS3-4.xsl
        (Revision 1.95 2014/04/23)</marc:subfield>
      </marc:datafield>
      <marc:datafield tag="986" ind1=" " ind2=" ">
         <marc:subfield code="a">3895403</marc:subfield>
      </marc:datafield>
   </marc:record>