
   <marc:record>
      <marc:leader>04584nab a2200565 u 4500</marc:leader>
      <marc:controlfield tag="001">9915991365807426</marc:controlfield>
      <marc:controlfield tag="005">20221122224517.0</marc:controlfield>
      <marc:controlfield tag="008">210811e202011 xx |||||o|||||||||||eng||</marc:controlfield>
      <marc:datafield tag="016" ind1="7" ind2=" ">
         <marc:subfield code="a">IND607145515</marc:subfield>
         <marc:subfield code="2">DNAL</marc:subfield>
      </marc:datafield>
      <marc:datafield tag="024" ind1="7" ind2=" ">
         <marc:subfield code="a">10.1007/s10531-020-02048-9</marc:subfield>
         <marc:subfield code="2">doi</marc:subfield>
      </marc:datafield>
      <marc:datafield tag="035" ind1=" " ind2=" ">
         <marc:subfield code="a">agid:7145515-01nal_inst</marc:subfield>
      </marc:datafield>
      <marc:datafield tag="040" ind1=" " ind2=" ">
         <marc:subfield code="a">AGL</marc:subfield>
         <marc:subfield code="b">eng</marc:subfield>
         <marc:subfield code="c">AGL</marc:subfield>
      </marc:datafield>
      <marc:datafield tag="100" ind1="1" ind2=" ">
         <marc:subfield code="a">Theron, K. Jurie</marc:subfield>
         <marc:subfield code="e">author</marc:subfield>
         <marc:subfield code="u">Department of Conservation Ecology and Entomology, Stellenbosch University,
        Private Bag X1, Matieland, 7602, South Africa. jurietheron@gmail.com</marc:subfield>
         <marc:subfield code="1">https://orcid.org/0000-0003-0739-8720</marc:subfield>
      </marc:datafield>
      <marc:datafield tag="245" ind1="1" ind2="0">
         <marc:subfield code="a">Abandoned fields and high plant diversity support high spider diversity
        within an agricultural mosaic in a biodiversity hotspot</marc:subfield>
      </marc:datafield>
      <marc:datafield tag="300" ind1=" " ind2=" ">
         <marc:subfield code="a">p. 3757-3782.</marc:subfield>
      </marc:datafield>
      <marc:datafield tag="520" ind1=" " ind2=" ">
         <marc:subfield code="a">Protected areas alone cannot conserve all biodiversity; we must also
        conserve biodiversity within production landscapes. Little is known about spider diversity
        in the Cape Floristic Region (CFR) biodiversity hotspot and factors driving spider diversity
        in transformed landscapes. Here, we assess spatial patterns of spiders in different
        transformed biotopes bordering remnant fynbos natural vegetation patches, determine
        direction of associated edge effects, and identify environmental factors influencing spider
        local distribution. Spiders were sampled along replicated transects running from remnant
        patches into three different transformed biotopes: old-fields (abandoned farmland),
        vineyards, and alien tree plantations. Spider Shannon diversity within old-fields and
        plantations did not differ from remnant patches, which had the highest diversity, whereas
        vineyards had the lowest. Overall, spider diversity was consistently high around habitat
        boundaries, regardless of land use type. Vineyards showed sharp declines in spider diversity
        along the remnant-vineyard transect, compared to other transects. Spider assemblages within
        vineyards was significantly different compared to remnant patches and old-fields, whereas
        other land-uses showed greater similarity. Plant species richness within the transformed
        biotope core increased overall spider diversity, benefiting plant-dwelling assemblages, but
        negatively influencing ground-dwelling assemblages. Herbaceous plant cover was driving
        assemblages within vineyards, whereas Restionaceae plant cover drove assemblages within
        old-fields. Furthermore, amount of natural vegetation in the landscape influenced spider
        assemblages within transformed biotopes. Our results show that old-fields have great
        potential to increase structural and functional connectivity within agricultural mosaics,
        and their rehabilitation is recommended. Furthermore, increasing plant diversity throughout
        the transformed landscape can soften the landscape and benefit spider diversity.</marc:subfield>
      </marc:datafield>
      <marc:datafield tag="592" ind1=" " ind2=" ">
         <marc:subfield code="a">Publisher supplied data</marc:subfield>
      </marc:datafield>
      <marc:datafield tag="593" ind1=" " ind2=" ">
         <marc:subfield code="a">PubAg article</marc:subfield>
      </marc:datafield>
      <marc:datafield tag="650" ind1=" " ind2="3">
         <marc:subfield code="a">Restionaceae</marc:subfield>
      </marc:datafield>
      <marc:datafield tag="650" ind1=" " ind2="3">
         <marc:subfield code="a">abandoned land</marc:subfield>
      </marc:datafield>
      <marc:datafield tag="650" ind1=" " ind2="3">
         <marc:subfield code="a">biotopes</marc:subfield>
      </marc:datafield>
      <marc:datafield tag="650" ind1=" " ind2="3">
         <marc:subfield code="a">fynbos</marc:subfield>
      </marc:datafield>
      <marc:datafield tag="650" ind1=" " ind2="3">
         <marc:subfield code="a">herbaceous plants</marc:subfield>
      </marc:datafield>
      <marc:datafield tag="650" ind1=" " ind2="3">
         <marc:subfield code="a">land use</marc:subfield>
      </marc:datafield>
      <marc:datafield tag="650" ind1=" " ind2="3">
         <marc:subfield code="a">landscapes</marc:subfield>
      </marc:datafield>
      <marc:datafield tag="650" ind1=" " ind2="3">
         <marc:subfield code="a">species richness</marc:subfield>
      </marc:datafield>
      <marc:datafield tag="650" ind1=" " ind2="3">
         <marc:subfield code="a">spiders</marc:subfield>
      </marc:datafield>
      <marc:datafield tag="650" ind1=" " ind2="3">
         <marc:subfield code="a">trees</marc:subfield>
      </marc:datafield>
      <marc:datafield tag="700" ind1="1" ind2=" ">
         <marc:subfield code="a">Gaigher, René</marc:subfield>
         <marc:subfield code="e">author</marc:subfield>
         <marc:subfield code="u">Department of Conservation Ecology and Entomology, Stellenbosch University,
        Private Bag X1, Matieland, 7602, South Africa</marc:subfield>
         <marc:subfield code="1">https://orcid.org/0000-0003-4100-8634</marc:subfield>
      </marc:datafield>
      <marc:datafield tag="700" ind1="1" ind2=" ">
         <marc:subfield code="a">Pryke, James S.</marc:subfield>
         <marc:subfield code="e">author</marc:subfield>
         <marc:subfield code="u">Department of Conservation Ecology and Entomology, Stellenbosch University,
        Private Bag X1, Matieland, 7602, South Africa</marc:subfield>
         <marc:subfield code="1">https://orcid.org/0000-0003-3148-5744</marc:subfield>
      </marc:datafield>
      <marc:datafield tag="700" ind1="1" ind2=" ">
         <marc:subfield code="a">Samways, Michael J.</marc:subfield>
         <marc:subfield code="e">author</marc:subfield>
         <marc:subfield code="u">Department of Conservation Ecology and Entomology, Stellenbosch University,
        Private Bag X1, Matieland, 7602, South Africa</marc:subfield>
         <marc:subfield code="1">https://orcid.org/0000-0003-4237-6025</marc:subfield>
      </marc:datafield>
      <marc:datafield tag="773" ind1="0" ind2=" ">
         <marc:subfield code="t">Biodiversity and conservation.</marc:subfield>
         <marc:subfield code="g">2020 Nov., v. 29, no. 13 p.3757-3782</marc:subfield>
         <marc:subfield code="d">Springer Netherlands</marc:subfield>
         <marc:subfield code="w">Journal:jnl50341</marc:subfield>
         <marc:subfield code="x">0960-3115</marc:subfield>
         <marc:subfield code="7">nnas</marc:subfield>
      </marc:datafield>
      <marc:datafield tag="787" ind1="1" ind2=" ">
         <marc:subfield code="o">islandora_article_repository</marc:subfield>
      </marc:datafield>
      <marc:datafield tag="787" ind1="1" ind2=" ">
         <marc:subfield code="o">product_pubag</marc:subfield>
      </marc:datafield>
      <marc:datafield tag="787" ind1="1" ind2=" ">
         <marc:subfield code="o">(Journal)jnl50341</marc:subfield>
      </marc:datafield>
      <marc:datafield tag="856" ind1="4" ind2="0">
         <marc:subfield code="u">https://dx.doi.org/10.1007/s10531-020-02048-9</marc:subfield>
         <marc:subfield code="3">Available from publisher's site</marc:subfield>
      </marc:datafield>
      <marc:datafield tag="912" ind1=" " ind2=" ">
         <marc:subfield code="a">Article</marc:subfield>
      </marc:datafield>
      <marc:datafield tag="914" ind1=" " ind2=" ">
         <marc:subfield code="a">Journal:jnl50341</marc:subfield>
         <marc:subfield code="b">0960-3115</marc:subfield>
         <marc:subfield code="c">29</marc:subfield>
         <marc:subfield code="d">13</marc:subfield>
         <marc:subfield code="e">3757</marc:subfield>
      </marc:datafield>
      <marc:datafield tag="914" ind1=" " ind2=" ">
         <marc:subfield code="f">Biodiversity and conservation</marc:subfield>
      </marc:datafield>
      <marc:datafield tag="916" ind1=" " ind2=" ">
         <marc:subfield code="a">Batch:10145</marc:subfield>
      </marc:datafield>
      <marc:datafield tag="917" ind1=" " ind2=" ">
         <marc:subfield code="a">issued</marc:subfield>
      </marc:datafield>
      <marc:datafield tag="918" ind1="2" ind2=" ">
         <marc:subfield code="a">Springer</marc:subfield>
         <marc:subfield code="e">provider</marc:subfield>
         <marc:subfield code="5">DNAL</marc:subfield>
      </marc:datafield>
      <marc:datafield tag="935" ind1=" " ind2=" ">
         <marc:subfield code="a">IND607145515</marc:subfield>
         <marc:subfield code="9">ExL</marc:subfield>
      </marc:datafield>
      <marc:datafield tag="949" ind1=" " ind2=" ">
         <marc:subfield code="a">2021-06-18</marc:subfield>
      </marc:datafield>
      <marc:datafield tag="953" ind1=" " ind2=" ">
         <marc:subfield code="a">/data/metadata/incoming/springer/ftp_PUB_21-08-11_05-28-45.zip</marc:subfield>
      </marc:datafield>
      <marc:datafield tag="954" ind1=" " ind2=" ">
         <marc:subfield code="a">file:/data/metadata/staging/springer/10531-29-13.xml</marc:subfield>
      </marc:datafield>
      <marc:datafield tag="955" ind1=" " ind2=" ">
         <marc:subfield code="a">/data/metadata/staging/springer/</marc:subfield>
      </marc:datafield>
      <marc:datafield tag="974" ind1=" " ind2=" ">
         <marc:subfield code="a">agid:7145515</marc:subfield>
      </marc:datafield>
      <marc:datafield tag="983" ind1=" " ind2=" ">
         <marc:subfield code="a">2021-08-11</marc:subfield>
      </marc:datafield>
      <marc:datafield tag="984" ind1=" " ind2=" ">
         <marc:subfield code="a">2021-08-11</marc:subfield>
      </marc:datafield>
   </marc:record>