
   <marc:record>
      <marc:leader>04098nab a2200517 u 4500</marc:leader>
      <marc:controlfield tag="001">9915991463907426</marc:controlfield>
      <marc:controlfield tag="005">20221120050016.0</marc:controlfield>
      <marc:controlfield tag="008">211001e202012 xx |||||o|||||||||||eng||</marc:controlfield>
      <marc:datafield tag="016" ind1="7" ind2=" ">
         <marc:subfield code="a">IND607145440</marc:subfield>
         <marc:subfield code="2">DNAL</marc:subfield>
      </marc:datafield>
      <marc:datafield tag="024" ind1="7" ind2=" ">
         <marc:subfield code="a">10.1007/s10342-020-01303-6</marc:subfield>
         <marc:subfield code="2">doi</marc:subfield>
      </marc:datafield>
      <marc:datafield tag="035" ind1=" " ind2=" ">
         <marc:subfield code="a">agid:7145440-01nal_inst</marc:subfield>
      </marc:datafield>
      <marc:datafield tag="040" ind1=" " ind2=" ">
         <marc:subfield code="a">AGL</marc:subfield>
         <marc:subfield code="b">eng</marc:subfield>
         <marc:subfield code="c">AGL</marc:subfield>
      </marc:datafield>
      <marc:datafield tag="100" ind1="1" ind2=" ">
         <marc:subfield code="a">Asbeck, Thomas</marc:subfield>
         <marc:subfield code="e">author</marc:subfield>
         <marc:subfield code="u">Chair of Silviculture, University of Freiburg, Tennenbacherstr. 4, 79085,
        Freiburg, Germany. thomas.asbeck@waldbau.uni-freiburg.de</marc:subfield>
         <marc:subfield code="1">https://orcid.org/0000-0003-4786-9312</marc:subfield>
      </marc:datafield>
      <marc:datafield tag="245" ind1="1" ind2="0">
         <marc:subfield code="a">Retention of tree-related microhabitats is more dependent on selection of
        habitat trees than their spatial distribution</marc:subfield>
      </marc:datafield>
      <marc:datafield tag="300" ind1=" " ind2=" ">
         <marc:subfield code="a">p. 1015-1028.</marc:subfield>
      </marc:datafield>
      <marc:datafield tag="520" ind1=" " ind2=" ">
         <marc:subfield code="a">Habitat trees, which provide roosting, foraging and nesting for multiple
        taxa, are retained in managed forests to support biodiversity conservation. To what extent
        their spatial distribution influences provisioning of habitats has rarely been addressed. In
        this study, we investigated whether abundance and richness of tree-related microhabitats
        (TreMs) differ between habitat trees in clumped and dispersed distributions and whether the
        abundance of fifteen groups of TreMs is related to tree distribution patterns. To identify
        habitat trees, we quantified TreMs in temperate mountain forests of Germany. We determined
        clumping (the Clark–Evans index), size of the convex hull, diameter at breast height, as
        well as altitude, slope and aspect of sites for their possible influence on TreMs. We
        additionally determined the difference in TreM abundance and richness among four options of
        selecting five habitat trees per ha from 15 candidates: (a) the most clumped trees, (b) five
        randomly selected and dispersed trees, (c) the single tree with highest abundance or
        richness of TreMs and its four closest neighbors and (d) a “reference selection” of five
        trees with known highest abundance or richness of TreMs irrespective of their distribution.
        The degree of clumping and the size of the convex hull influenced neither the abundance nor
        richness of TreMs. The reference selection, option (d), contained more than twice the number
        of TreMs compared to the most clumped, (a), or random distributions, (b), of five habitat
        trees, while option (c) assumed an intermediate position. If the goal of habitat tree
        retention is to maximize stand-level abundance and richness of TreMs, then it is clearly
        more important to select habitat trees irrespective of their spatial pattern.</marc:subfield>
      </marc:datafield>
      <marc:datafield tag="592" ind1=" " ind2=" ">
         <marc:subfield code="a">Publisher supplied data</marc:subfield>
      </marc:datafield>
      <marc:datafield tag="593" ind1=" " ind2=" ">
         <marc:subfield code="a">PubAg article</marc:subfield>
      </marc:datafield>
      <marc:datafield tag="596" ind1=" " ind2=" ">
         <marc:subfield code="a">GRK 2123</marc:subfield>
         <marc:subfield code="c">Deutsche Forschungsgemeinschaft (DE)</marc:subfield>
      </marc:datafield>
      <marc:datafield tag="650" ind1=" " ind2="3">
         <marc:subfield code="a">altitude</marc:subfield>
      </marc:datafield>
      <marc:datafield tag="650" ind1=" " ind2="3">
         <marc:subfield code="a">biodiversity conservation</marc:subfield>
      </marc:datafield>
      <marc:datafield tag="650" ind1=" " ind2="3">
         <marc:subfield code="a">research</marc:subfield>
      </marc:datafield>
      <marc:datafield tag="650" ind1=" " ind2="3">
         <marc:subfield code="a">tree and stand measurements</marc:subfield>
      </marc:datafield>
      <marc:datafield tag="650" ind1=" " ind2="3">
         <marc:subfield code="a">trees</marc:subfield>
      </marc:datafield>
      <marc:datafield tag="651" ind1=" " ind2="3">
         <marc:subfield code="a">Germany</marc:subfield>
      </marc:datafield>
      <marc:datafield tag="700" ind1="1" ind2=" ">
         <marc:subfield code="a">Messier, Christian</marc:subfield>
         <marc:subfield code="e">author</marc:subfield>
         <marc:subfield code="u">Department of Natural Sciences, Institute of Temperate Forest Sciences and
        Centre for Forest Research (CEF), Université du Québec en Outaouais, 58 Rue Principale,
        Ripon, QC, J0V 1V0, Canada</marc:subfield>
      </marc:datafield>
      <marc:datafield tag="700" ind1="1" ind2=" ">
         <marc:subfield code="a">Bauhus, Jürgen</marc:subfield>
         <marc:subfield code="e">author</marc:subfield>
         <marc:subfield code="u">Chair of Silviculture, University of Freiburg, Tennenbacherstr. 4, 79085,
        Freiburg, Germany</marc:subfield>
      </marc:datafield>
      <marc:datafield tag="773" ind1="0" ind2=" ">
         <marc:subfield code="t">European journal of forest research.</marc:subfield>
         <marc:subfield code="g">2020 Dec., v. 139, no. 6 p.1015-1028</marc:subfield>
         <marc:subfield code="d">Springer Berlin Heidelberg</marc:subfield>
         <marc:subfield code="w">Journal:jnl3870054</marc:subfield>
         <marc:subfield code="x">1612-4669</marc:subfield>
         <marc:subfield code="7">nnas</marc:subfield>
      </marc:datafield>
      <marc:datafield tag="787" ind1="1" ind2=" ">
         <marc:subfield code="o">islandora_article_repository</marc:subfield>
      </marc:datafield>
      <marc:datafield tag="787" ind1="1" ind2=" ">
         <marc:subfield code="o">product_pubag</marc:subfield>
      </marc:datafield>
      <marc:datafield tag="787" ind1="1" ind2=" ">
         <marc:subfield code="o">(Journal)jnl3870054</marc:subfield>
      </marc:datafield>
      <marc:datafield tag="856" ind1="4" ind2="0">
         <marc:subfield code="u">https://dx.doi.org/10.1007/s10342-020-01303-6</marc:subfield>
         <marc:subfield code="3">Available from publisher's site</marc:subfield>
      </marc:datafield>
      <marc:datafield tag="912" ind1=" " ind2=" ">
         <marc:subfield code="a">Article</marc:subfield>
      </marc:datafield>
      <marc:datafield tag="914" ind1=" " ind2=" ">
         <marc:subfield code="a">Journal:jnl3870054</marc:subfield>
         <marc:subfield code="b">1612-4669</marc:subfield>
         <marc:subfield code="c">139</marc:subfield>
         <marc:subfield code="d">6</marc:subfield>
         <marc:subfield code="e">1015</marc:subfield>
      </marc:datafield>
      <marc:datafield tag="914" ind1=" " ind2=" ">
         <marc:subfield code="f">European journal of forest research</marc:subfield>
      </marc:datafield>
      <marc:datafield tag="916" ind1=" " ind2=" ">
         <marc:subfield code="a">Batch:10075</marc:subfield>
      </marc:datafield>
      <marc:datafield tag="917" ind1=" " ind2=" ">
         <marc:subfield code="a">issued</marc:subfield>
      </marc:datafield>
      <marc:datafield tag="918" ind1="2" ind2=" ">
         <marc:subfield code="a">Springer</marc:subfield>
         <marc:subfield code="e">provider</marc:subfield>
         <marc:subfield code="5">DNAL</marc:subfield>
      </marc:datafield>
      <marc:datafield tag="935" ind1=" " ind2=" ">
         <marc:subfield code="a">IND607145440</marc:subfield>
         <marc:subfield code="9">ExL</marc:subfield>
      </marc:datafield>
      <marc:datafield tag="949" ind1=" " ind2=" ">
         <marc:subfield code="a">2021-06-08</marc:subfield>
      </marc:datafield>
      <marc:datafield tag="953" ind1=" " ind2=" ">
         <marc:subfield code="a">/data/metadata/incoming/springer/ftp_PUB_21-10-01_05-33-37.zip</marc:subfield>
      </marc:datafield>
      <marc:datafield tag="954" ind1=" " ind2=" ">
         <marc:subfield code="a">file:/data/metadata/staging/springer/10342-139-6.xml</marc:subfield>
      </marc:datafield>
      <marc:datafield tag="955" ind1=" " ind2=" ">
         <marc:subfield code="a">/data/metadata/staging/springer/</marc:subfield>
      </marc:datafield>
      <marc:datafield tag="974" ind1=" " ind2=" ">
         <marc:subfield code="a">agid:7145440</marc:subfield>
      </marc:datafield>
      <marc:datafield tag="983" ind1=" " ind2=" ">
         <marc:subfield code="a">2021-10-01</marc:subfield>
      </marc:datafield>
      <marc:datafield tag="984" ind1=" " ind2=" ">
         <marc:subfield code="a">2021-10-01</marc:subfield>
      </marc:datafield>
   </marc:record>