
   <marc:record>
      <marc:leader>04096nab a2200625 u 4500</marc:leader>
      <marc:controlfield tag="001">9915992118207426</marc:controlfield>
      <marc:controlfield tag="005">20221120231633.0</marc:controlfield>
      <marc:controlfield tag="008">190725e20190626xx |||||o|||||||||||eng||</marc:controlfield>
      <marc:datafield tag="016" ind1="7" ind2=" ">
         <marc:subfield code="a">IND606545753</marc:subfield>
         <marc:subfield code="2">DNAL</marc:subfield>
      </marc:datafield>
      <marc:datafield tag="024" ind1="7" ind2=" ">
         <marc:subfield code="a">10.3390/f10070531</marc:subfield>
         <marc:subfield code="2">doi</marc:subfield>
      </marc:datafield>
      <marc:datafield tag="035" ind1=" " ind2=" ">
         <marc:subfield code="a">agid:6545753-01nal_inst</marc:subfield>
      </marc:datafield>
      <marc:datafield tag="040" ind1=" " ind2=" ">
         <marc:subfield code="a">AGL</marc:subfield>
         <marc:subfield code="b">eng</marc:subfield>
         <marc:subfield code="c">AGL</marc:subfield>
      </marc:datafield>
      <marc:datafield tag="100" ind1="1" ind2=" ">
         <marc:subfield code="a">Xulu, Sifiso </marc:subfield>
         <marc:subfield code="e">author</marc:subfield>
         <marc:subfield code="u">School of Agricultural, Earth and Environmental Sciences, University of
        KwaZulu-Natal, Westville Campus, Durban 4000, South Africa. xulusi@unizulu.ac.za</marc:subfield>
      </marc:datafield>
      <marc:datafield tag="245" ind1="1" ind2="0">
         <marc:subfield code="a">Unsupervised Clustering of Forest Response to Drought Stress in Zululand
        Region, South Africa</marc:subfield>
      </marc:datafield>
      <marc:datafield tag="520" ind1=" " ind2=" ">
         <marc:subfield code="a">Drought limits the production of plantation forests, notably in the
        drought-prone Zululand region of South Africa. During the last 40 years, the country has
        faced a series of severe droughts, however that of 2015 stands out as the most extreme and
        prolonged. The 2015 drought impaired forest productivity and led to widespread tree
        mortality in this region, but the identification of tree response to drought stress remains
        uncertain because of its spatial variability. To address this problem, a method that can
        capture drought patterns and identify trees with similar reactions to drought stress is
        desired. This could improve the accuracy of detecting trees suffering from drought stress
        which is key for forest management planning. In this study, we aimed to evaluate the utility
        of unsupervised mapping approaches in compartments of Eucalyptus trees with similar drought
        characteristics based on the Normalized Difference Water Index (NDWI) and to demonstrate the
        value of cloud-based Google Earth Engine (GEE) resources for rapid landscape drought
        monitoring. Our results showed that calculating distances between pixels using three
        different matrices (Random Forest (RF) proximity, Euclidean and Manhattan) can accurately
        detect similarities within a dataset. The RF proximity matrix produced the best measures,
        which were clustered using Wards hierarchical clustering to detect drought with the highest
        overall accuracy of 87.7%, followed by Manhattan (85.9%) and Euclidean similarity measures
        (79.9%), with user and producer results between 84.2% to 91.2%, 42.8% to 98.2% and 37.2% to
        94.7%, respectively. These results confirm the value of the RF proximity matrix and
        underscore the capability of automatic unsupervised mapping approaches for monitoring
        drought stress in tree plantations, as well as the value of using GEE for providing cost
        effective datasets to resource stricken countries.</marc:subfield>
      </marc:datafield>
      <marc:datafield tag="592" ind1=" " ind2=" ">
         <marc:subfield code="a">Publisher supplied data</marc:subfield>
      </marc:datafield>
      <marc:datafield tag="593" ind1=" " ind2=" ">
         <marc:subfield code="a">PubAg article</marc:subfield>
      </marc:datafield>
      <marc:datafield tag="650" ind1=" " ind2="3">
         <marc:subfield code="a">Eucalyptus</marc:subfield>
      </marc:datafield>
      <marc:datafield tag="650" ind1=" " ind2="3">
         <marc:subfield code="a">Internet</marc:subfield>
      </marc:datafield>
      <marc:datafield tag="650" ind1=" " ind2="3">
         <marc:subfield code="a">cost effectiveness</marc:subfield>
      </marc:datafield>
      <marc:datafield tag="650" ind1=" " ind2="3">
         <marc:subfield code="a">data collection</marc:subfield>
      </marc:datafield>
      <marc:datafield tag="650" ind1=" " ind2="3">
         <marc:subfield code="a">drought</marc:subfield>
      </marc:datafield>
      <marc:datafield tag="650" ind1=" " ind2="3">
         <marc:subfield code="a">forest management</marc:subfield>
      </marc:datafield>
      <marc:datafield tag="650" ind1=" " ind2="3">
         <marc:subfield code="a">forest plantations</marc:subfield>
      </marc:datafield>
      <marc:datafield tag="650" ind1=" " ind2="3">
         <marc:subfield code="a">forests</marc:subfield>
      </marc:datafield>
      <marc:datafield tag="650" ind1=" " ind2="3">
         <marc:subfield code="a">landscapes</marc:subfield>
      </marc:datafield>
      <marc:datafield tag="650" ind1=" " ind2="3">
         <marc:subfield code="a">monitoring</marc:subfield>
      </marc:datafield>
      <marc:datafield tag="650" ind1=" " ind2="3">
         <marc:subfield code="a">planning</marc:subfield>
      </marc:datafield>
      <marc:datafield tag="650" ind1=" " ind2="3">
         <marc:subfield code="a">tree mortality</marc:subfield>
      </marc:datafield>
      <marc:datafield tag="650" ind1=" " ind2="3">
         <marc:subfield code="a">trees</marc:subfield>
      </marc:datafield>
      <marc:datafield tag="650" ind1=" " ind2="3">
         <marc:subfield code="a">water stress</marc:subfield>
      </marc:datafield>
      <marc:datafield tag="651" ind1=" " ind2="3">
         <marc:subfield code="a">South Africa</marc:subfield>
      </marc:datafield>
      <marc:datafield tag="700" ind1="1" ind2=" ">
         <marc:subfield code="a">Peerbhay, Kabir </marc:subfield>
         <marc:subfield code="e">author</marc:subfield>
      </marc:datafield>
      <marc:datafield tag="700" ind1="1" ind2=" ">
         <marc:subfield code="a">Gebreslasie, Michael </marc:subfield>
         <marc:subfield code="e">author</marc:subfield>
      </marc:datafield>
      <marc:datafield tag="700" ind1="1" ind2=" ">
         <marc:subfield code="a">Ismail, Riyad </marc:subfield>
         <marc:subfield code="e">author</marc:subfield>
      </marc:datafield>
      <marc:datafield tag="773" ind1="0" ind2=" ">
         <marc:subfield code="t">Forests.</marc:subfield>
         <marc:subfield code="g">2019 June 26, v. 10, no. 7</marc:subfield>
         <marc:subfield code="d">Multidisciplinary Digital Publishing Institute</marc:subfield>
         <marc:subfield code="w">Journal:2257</marc:subfield>
         <marc:subfield code="x">1999-4907</marc:subfield>
         <marc:subfield code="7">nnas</marc:subfield>
      </marc:datafield>
      <marc:datafield tag="787" ind1="1" ind2=" ">
         <marc:subfield code="o">islandora_article_repository</marc:subfield>
      </marc:datafield>
      <marc:datafield tag="787" ind1="1" ind2=" ">
         <marc:subfield code="o">product_pubag</marc:subfield>
      </marc:datafield>
      <marc:datafield tag="787" ind1="1" ind2=" ">
         <marc:subfield code="o">(Journal)2257</marc:subfield>
      </marc:datafield>
      <marc:datafield tag="856" ind1="4" ind2="0">
         <marc:subfield code="u">http://dx.doi.org/10.3390/f10070531</marc:subfield>
         <marc:subfield code="3">Available from publisher's site</marc:subfield>
      </marc:datafield>
      <marc:datafield tag="912" ind1=" " ind2=" ">
         <marc:subfield code="a">Article</marc:subfield>
      </marc:datafield>
      <marc:datafield tag="914" ind1=" " ind2=" ">
         <marc:subfield code="a">Journal:2257</marc:subfield>
         <marc:subfield code="b">1999-4907</marc:subfield>
         <marc:subfield code="c">10</marc:subfield>
         <marc:subfield code="d">7</marc:subfield>
      </marc:datafield>
      <marc:datafield tag="914" ind1=" " ind2=" ">
         <marc:subfield code="f">Forests</marc:subfield>
      </marc:datafield>
      <marc:datafield tag="916" ind1=" " ind2=" ">
         <marc:subfield code="a">Batch:2293</marc:subfield>
      </marc:datafield>
      <marc:datafield tag="917" ind1=" " ind2=" ">
         <marc:subfield code="a">issued</marc:subfield>
      </marc:datafield>
      <marc:datafield tag="918" ind1="2" ind2=" ">
         <marc:subfield code="a">Multidisciplinary Digital Publishing Institute</marc:subfield>
         <marc:subfield code="e">provider</marc:subfield>
         <marc:subfield code="5">DNAL</marc:subfield>
      </marc:datafield>
      <marc:datafield tag="935" ind1=" " ind2=" ">
         <marc:subfield code="a">IND606545753</marc:subfield>
         <marc:subfield code="9">ExL</marc:subfield>
      </marc:datafield>
      <marc:datafield tag="949" ind1=" " ind2=" ">
         <marc:subfield code="a">2019-09-04</marc:subfield>
      </marc:datafield>
      <marc:datafield tag="953" ind1=" " ind2=" ">
         <marc:subfield code="a">/data/metadata/incoming/mdpinstitute/forests-v10-i07-20190725.xml</marc:subfield>
      </marc:datafield>
      <marc:datafield tag="954" ind1=" " ind2=" ">
         <marc:subfield code="a">file:/data/metadata/staging/mdpinstitute/forests-v10-i07-20190725.xml</marc:subfield>
      </marc:datafield>
      <marc:datafield tag="955" ind1=" " ind2=" ">
         <marc:subfield code="a">/data/metadata/staging/mdpinstitute/</marc:subfield>
      </marc:datafield>
      <marc:datafield tag="962" ind1=" " ind2=" ">
         <marc:subfield code="a">Batch:2293 reviewed on 2019-09-04T14:00:03Z</marc:subfield>
      </marc:datafield>
      <marc:datafield tag="974" ind1=" " ind2=" ">
         <marc:subfield code="a">agid:6545753</marc:subfield>
      </marc:datafield>
      <marc:datafield tag="983" ind1=" " ind2=" ">
         <marc:subfield code="a">2019-07-25</marc:subfield>
      </marc:datafield>
      <marc:datafield tag="984" ind1=" " ind2=" ">
         <marc:subfield code="a">2019-09-04</marc:subfield>
      </marc:datafield>
   </marc:record>