
   <marc:record>
      <marc:leader>04003nab a2200637 u 4500</marc:leader>
      <marc:controlfield tag="001">9915992942907426</marc:controlfield>
      <marc:controlfield tag="005">20221120231040.0</marc:controlfield>
      <marc:controlfield tag="008">160908e201403 xx |||||o|||||||||||eng||</marc:controlfield>
      <marc:datafield tag="016" ind1="7" ind2=" ">
         <marc:subfield code="a">IND605494891</marc:subfield>
         <marc:subfield code="2">DNAL</marc:subfield>
      </marc:datafield>
      <marc:datafield tag="024" ind1="7" ind2=" ">
         <marc:subfield code="a">10.1094/PHYTO-07-13-0216-R</marc:subfield>
         <marc:subfield code="2">doi</marc:subfield>
      </marc:datafield>
      <marc:datafield tag="035" ind1=" " ind2=" ">
         <marc:subfield code="a">agid:5494891-01nal_inst</marc:subfield>
      </marc:datafield>
      <marc:datafield tag="040" ind1=" " ind2=" ">
         <marc:subfield code="a">AGL</marc:subfield>
         <marc:subfield code="b">eng</marc:subfield>
         <marc:subfield code="c">AGL</marc:subfield>
      </marc:datafield>
      <marc:datafield tag="100" ind1="1" ind2=" ">
         <marc:subfield code="a">Gidoin, Cynthia</marc:subfield>
         <marc:subfield code="e">author</marc:subfield>
         <marc:subfield code="u">Supagro, UMR System, 2 Place Viala, Bt.27, 34060 Montpellier,
        France</marc:subfield>
      </marc:datafield>
      <marc:datafield tag="245" ind1="1" ind2="0">
         <marc:subfield code="a">Shade Tree Spatial Structure and Pod Production Explain Frosty Pod Rot
        Intensity in Cacao Agroforests, Costa Rica</marc:subfield>
      </marc:datafield>
      <marc:datafield tag="300" ind1=" " ind2=" ">
         <marc:subfield code="a">p. 275-281.</marc:subfield>
      </marc:datafield>
      <marc:datafield tag="520" ind1=" " ind2=" ">
         <marc:subfield code="a">Vegetation composition and plant spatial structure affect disease intensity
        through resource and microclimatic variation effects. The aim of this study was to evaluate
        the independent effect and relative importance of host composition and plant spatial
        structure variables in explaining disease intensity at the plot scale. For that purpose,
        frosty pod rot intensity, a disease caused by Moniliophthora roreri on cacao pods, was
        monitored in 36 cacao agroforests in Costa Rica in order to assess the vegetation
        composition and spatial structure variables conducive to the disease. Hierarchical
        partitioning was used to identify the most causal factors. Firstly, pod production, cacao
        tree density and shade tree spatial structure had significant independent effects on disease
        intensity. In our case study, the amount of susceptible tissue was the most relevant host
        composition variable for explaining disease intensity by resource dilution. Indeed, cacao
        tree density probably affected disease intensity more by the creation of self-shading rather
        than by host dilution. Lastly, only regularly distributed forest trees, and not aggregated
        or randomly distributed forest trees, reduced disease intensity in comparison to plots with
        a low forest tree density. A regular spatial structure is probably crucial to the creation
        of moderate and uniform shade as recommended for frosty pod rot management. As pod
        production is an important service expected from these agroforests, shade tree spatial
        structure may be a lever for integrated management of frosty pod rot in cacao
        agroforests.</marc:subfield>
      </marc:datafield>
      <marc:datafield tag="592" ind1=" " ind2=" ">
         <marc:subfield code="a">Publisher supplied data</marc:subfield>
      </marc:datafield>
      <marc:datafield tag="593" ind1=" " ind2=" ">
         <marc:subfield code="a">PubAg article</marc:subfield>
      </marc:datafield>
      <marc:datafield tag="650" ind1=" " ind2="3">
         <marc:subfield code="a">Moniliophthora roreri</marc:subfield>
      </marc:datafield>
      <marc:datafield tag="650" ind1=" " ind2="3">
         <marc:subfield code="a">Theobroma cacao</marc:subfield>
      </marc:datafield>
      <marc:datafield tag="650" ind1=" " ind2="3">
         <marc:subfield code="a">agroforestry</marc:subfield>
      </marc:datafield>
      <marc:datafield tag="650" ind1=" " ind2="3">
         <marc:subfield code="a">botanical composition</marc:subfield>
      </marc:datafield>
      <marc:datafield tag="650" ind1=" " ind2="3">
         <marc:subfield code="a">case studies</marc:subfield>
      </marc:datafield>
      <marc:datafield tag="650" ind1=" " ind2="3">
         <marc:subfield code="a">cocoa pods</marc:subfield>
      </marc:datafield>
      <marc:datafield tag="650" ind1=" " ind2="3">
         <marc:subfield code="a">forest trees</marc:subfield>
      </marc:datafield>
      <marc:datafield tag="650" ind1=" " ind2="3">
         <marc:subfield code="a">microclimate</marc:subfield>
      </marc:datafield>
      <marc:datafield tag="651" ind1=" " ind2="3">
         <marc:subfield code="a">Costa Rica</marc:subfield>
      </marc:datafield>
      <marc:datafield tag="653" ind1=" " ind2="0">
         <marc:subfield code="a">biodiversity and ecosystem functioning</marc:subfield>
      </marc:datafield>
      <marc:datafield tag="653" ind1=" " ind2="0">
         <marc:subfield code="a">fungal pathogen</marc:subfield>
      </marc:datafield>
      <marc:datafield tag="653" ind1=" " ind2="0">
         <marc:subfield code="a">host composition</marc:subfield>
      </marc:datafield>
      <marc:datafield tag="653" ind1=" " ind2="0">
         <marc:subfield code="a">plant community</marc:subfield>
      </marc:datafield>
      <marc:datafield tag="653" ind1=" " ind2="0">
         <marc:subfield code="a">plant patterns</marc:subfield>
      </marc:datafield>
      <marc:datafield tag="653" ind1=" " ind2="0">
         <marc:subfield code="a">Ripley's function</marc:subfield>
      </marc:datafield>
      <marc:datafield tag="653" ind1=" " ind2="0">
         <marc:subfield code="a">Theobroma cacao</marc:subfield>
      </marc:datafield>
      <marc:datafield tag="700" ind1="1" ind2=" ">
         <marc:subfield code="a">Avelino, Jacques</marc:subfield>
         <marc:subfield code="e">author</marc:subfield>
         <marc:subfield code="u">CIRAD, UPR Bioagresseurs, F-34398, Montpellier, France</marc:subfield>
      </marc:datafield>
      <marc:datafield tag="700" ind1="1" ind2=" ">
         <marc:subfield code="a">Deheuvels, Olivier</marc:subfield>
         <marc:subfield code="e">author</marc:subfield>
         <marc:subfield code="u">CATIE, 7170, Cartago, Turrialba, 30501, Costa Rica</marc:subfield>
      </marc:datafield>
      <marc:datafield tag="700" ind1="1" ind2=" ">
         <marc:subfield code="a">Cilas, Christian</marc:subfield>
         <marc:subfield code="e">author</marc:subfield>
         <marc:subfield code="u">CIRAD, UPR Bioagresseurs, F-34398, Montpellier, France</marc:subfield>
      </marc:datafield>
      <marc:datafield tag="700" ind1="1" ind2=" ">
         <marc:subfield code="a">Bieng, Marie Ange Ngo</marc:subfield>
         <marc:subfield code="e">author</marc:subfield>
         <marc:subfield code="u">third and fifth authors: CIRAD, UMR System, 2 Place Viala, Bt.27, 34060
        Montpellier, France</marc:subfield>
      </marc:datafield>
      <marc:datafield tag="773" ind1="0" ind2=" ">
         <marc:subfield code="t">Phytopathology.</marc:subfield>
         <marc:subfield code="g">2014 Mar., v. 104, no. 3 p.275-281</marc:subfield>
         <marc:subfield code="d">The American Phytopathological Society</marc:subfield>
         <marc:subfield code="x">0031-949X</marc:subfield>
         <marc:subfield code="7">nnas</marc:subfield>
      </marc:datafield>
      <marc:datafield tag="787" ind1="1" ind2=" ">
         <marc:subfield code="o">islandora_article_repository</marc:subfield>
      </marc:datafield>
      <marc:datafield tag="787" ind1="1" ind2=" ">
         <marc:subfield code="o">product_pubag</marc:subfield>
      </marc:datafield>
      <marc:datafield tag="787" ind1="1" ind2=" ">
         <marc:subfield code="o">(Journal)jnl44575</marc:subfield>
      </marc:datafield>
      <marc:datafield tag="856" ind1="4" ind2="0">
         <marc:subfield code="u">http://dx.doi.org/10.1094%2FPHYTO-07-13-0216-R</marc:subfield>
         <marc:subfield code="3">Available from publisher's site</marc:subfield>
      </marc:datafield>
      <marc:datafield tag="912" ind1=" " ind2=" ">
         <marc:subfield code="a">Article</marc:subfield>
      </marc:datafield>
      <marc:datafield tag="914" ind1=" " ind2=" ">
         <marc:subfield code="a">Journal:jnl44575</marc:subfield>
         <marc:subfield code="b">0031-949X</marc:subfield>
         <marc:subfield code="c">104</marc:subfield>
         <marc:subfield code="d">3</marc:subfield>
         <marc:subfield code="e">275</marc:subfield>
      </marc:datafield>
      <marc:datafield tag="914" ind1=" " ind2=" ">
         <marc:subfield code="f">Phytopathology</marc:subfield>
      </marc:datafield>
      <marc:datafield tag="916" ind1=" " ind2=" ">
         <marc:subfield code="a">Batch:1454</marc:subfield>
      </marc:datafield>
      <marc:datafield tag="917" ind1=" " ind2=" ">
         <marc:subfield code="a">issued</marc:subfield>
      </marc:datafield>
      <marc:datafield tag="918" ind1="2" ind2=" ">
         <marc:subfield code="a">American Phytopathological Society</marc:subfield>
         <marc:subfield code="e">provider</marc:subfield>
         <marc:subfield code="5">DNAL</marc:subfield>
      </marc:datafield>
      <marc:datafield tag="935" ind1=" " ind2=" ">
         <marc:subfield code="a">IND605494891</marc:subfield>
         <marc:subfield code="9">ExL</marc:subfield>
      </marc:datafield>
      <marc:datafield tag="949" ind1=" " ind2=" ">
         <marc:subfield code="a">2016-11-04</marc:subfield>
      </marc:datafield>
      <marc:datafield tag="953" ind1=" " ind2=" ">
         <marc:subfield code="a">apsocietyPHYTOv104i3-02100658-35103.zip</marc:subfield>
      </marc:datafield>
      <marc:datafield tag="962" ind1=" " ind2=" ">
         <marc:subfield code="a">Batch:1454 reviewed on 2016-11-04T11:00:02Z</marc:subfield>
      </marc:datafield>
      <marc:datafield tag="974" ind1=" " ind2=" ">
         <marc:subfield code="a">agid:5494891</marc:subfield>
      </marc:datafield>
      <marc:datafield tag="983" ind1=" " ind2=" ">
         <marc:subfield code="a">2016-09-08</marc:subfield>
      </marc:datafield>
      <marc:datafield tag="984" ind1=" " ind2=" ">
         <marc:subfield code="a">2016-11-04</marc:subfield>
      </marc:datafield>
   </marc:record>