
   <marc:record>
      <marc:leader>05514nab a2200853 u 4500</marc:leader>
      <marc:controlfield tag="001">9915993895407426</marc:controlfield>
      <marc:controlfield tag="005">20221121233524.0</marc:controlfield>
      <marc:controlfield tag="008">201104e20200402xx |||||o|||||||||||eng||</marc:controlfield>
      <marc:datafield tag="016" ind1="7" ind2=" ">
         <marc:subfield code="a">IND607158882</marc:subfield>
         <marc:subfield code="2">DNAL</marc:subfield>
      </marc:datafield>
      <marc:datafield tag="024" ind1="7" ind2=" ">
         <marc:subfield code="a">10.2989/20702620.2020.1759294</marc:subfield>
         <marc:subfield code="2">doi</marc:subfield>
      </marc:datafield>
      <marc:datafield tag="035" ind1=" " ind2=" ">
         <marc:subfield code="a">agid:7158882-01nal_inst</marc:subfield>
      </marc:datafield>
      <marc:datafield tag="040" ind1=" " ind2=" ">
         <marc:subfield code="a">AGL</marc:subfield>
         <marc:subfield code="b">eng</marc:subfield>
         <marc:subfield code="c">AGL</marc:subfield>
      </marc:datafield>
      <marc:datafield tag="100" ind1="1" ind2=" ">
         <marc:subfield code="a">dos Santos, Ronaldo Oliveira</marc:subfield>
         <marc:subfield code="e">author</marc:subfield>
         <marc:subfield code="u">Laboratório de Manejo Florestal, Universidade do Estado do Amapá/UEAP,
        Macapá, Brazil</marc:subfield>
      </marc:datafield>
      <marc:datafield tag="245" ind1="1" ind2="0">
         <marc:subfield code="a">Influence of the soil on the spatial structure of forest species –
        preliminary results in a terra firme secondary forest plot, Amapá, Brazil</marc:subfield>
      </marc:datafield>
      <marc:datafield tag="300" ind1=" " ind2=" ">
         <marc:subfield code="a">p. 179-195.</marc:subfield>
      </marc:datafield>
      <marc:datafield tag="500" ind1=" " ind2=" ">
         <marc:subfield code="a">NAL-light</marc:subfield>
      </marc:datafield>
      <marc:datafield tag="520" ind1=" " ind2=" ">
         <marc:subfield code="a">In recent years there has been increasing interest in the relationships
        between edaphic factors in tropical forests due to the complexity and the dynamic nature of
        plant interactions with the physical environment. This research sought to investigate the
        correlation of edaphic factors with the spatial distribution patterns of the 16 main tree
        species in a dense ombrophilous forest of terra firme in Macapá, Amapá, Brazil. Forty
        subplots along a topographic gradient were installed for floristic studies as well as to
        collect composite soil samples. The spatial distribution pattern was described by the
        Payandeh and Morisita indexes. Canonical correspondence analysis (CCA) and geostatistical
        techniques were used to describe the relationship between species distribution and
        environmental variables. It was confirmed that the factors influencing the spatial behaviour
        of plants in the vegetation can be associated with both the endogenous (dispersion mode) and
        exogenous (the environmental conditions to which they are subjected) processes. Variations
        in spatial distribution patterns of species in relation to existing environmental
        heterogeneity were observed based on the CCA, mainly associated with the contents of pH,
        potential acidity, organic matter (OM), phosphorus (P) and potassium (K) in soil. Finally,
        based on ordinary kriging there was evidence that the OM contents in the soil presented a
        spatial dependence structure in the vegetation. Our findings show that natural disturbances
        (e.g. natural fall of trees) and human land use (e.g. logging) induce changes in species
        composition and abiotic resource availability. The results highlight the importance of
        understanding the processes that influence the strengthening of environment–plant
        interactions by the lasting effects of successional recovery.</marc:subfield>
      </marc:datafield>
      <marc:datafield tag="592" ind1=" " ind2=" ">
         <marc:subfield code="a">Publisher supplied data</marc:subfield>
      </marc:datafield>
      <marc:datafield tag="593" ind1=" " ind2=" ">
         <marc:subfield code="a">PubAg article</marc:subfield>
      </marc:datafield>
      <marc:datafield tag="650" ind1=" " ind2="3">
         <marc:subfield code="a">acidity</marc:subfield>
      </marc:datafield>
      <marc:datafield tag="650" ind1=" " ind2="3">
         <marc:subfield code="a">behavior</marc:subfield>
      </marc:datafield>
      <marc:datafield tag="650" ind1=" " ind2="3">
         <marc:subfield code="a">correlation</marc:subfield>
      </marc:datafield>
      <marc:datafield tag="650" ind1=" " ind2="3">
         <marc:subfield code="a">correspondence analysis</marc:subfield>
      </marc:datafield>
      <marc:datafield tag="650" ind1=" " ind2="3">
         <marc:subfield code="a">edaphic factors</marc:subfield>
      </marc:datafield>
      <marc:datafield tag="650" ind1=" " ind2="3">
         <marc:subfield code="a">geographical distribution</marc:subfield>
      </marc:datafield>
      <marc:datafield tag="650" ind1=" " ind2="3">
         <marc:subfield code="a">geostatistics</marc:subfield>
      </marc:datafield>
      <marc:datafield tag="650" ind1=" " ind2="3">
         <marc:subfield code="a">humans</marc:subfield>
      </marc:datafield>
      <marc:datafield tag="650" ind1=" " ind2="3">
         <marc:subfield code="a">kriging</marc:subfield>
      </marc:datafield>
      <marc:datafield tag="650" ind1=" " ind2="3">
         <marc:subfield code="a">land use</marc:subfield>
      </marc:datafield>
      <marc:datafield tag="650" ind1=" " ind2="3">
         <marc:subfield code="a">logging</marc:subfield>
      </marc:datafield>
      <marc:datafield tag="650" ind1=" " ind2="3">
         <marc:subfield code="a">meta-analysis</marc:subfield>
      </marc:datafield>
      <marc:datafield tag="650" ind1=" " ind2="3">
         <marc:subfield code="a">organic matter</marc:subfield>
      </marc:datafield>
      <marc:datafield tag="650" ind1=" " ind2="3">
         <marc:subfield code="a">pH</marc:subfield>
      </marc:datafield>
      <marc:datafield tag="650" ind1=" " ind2="3">
         <marc:subfield code="a">phosphorus</marc:subfield>
      </marc:datafield>
      <marc:datafield tag="650" ind1=" " ind2="3">
         <marc:subfield code="a">potassium</marc:subfield>
      </marc:datafield>
      <marc:datafield tag="650" ind1=" " ind2="3">
         <marc:subfield code="a">research</marc:subfield>
      </marc:datafield>
      <marc:datafield tag="650" ind1=" " ind2="3">
         <marc:subfield code="a">secondary forests</marc:subfield>
      </marc:datafield>
      <marc:datafield tag="650" ind1=" " ind2="3">
         <marc:subfield code="a">soil</marc:subfield>
      </marc:datafield>
      <marc:datafield tag="650" ind1=" " ind2="3">
         <marc:subfield code="a">soil sampling</marc:subfield>
      </marc:datafield>
      <marc:datafield tag="650" ind1=" " ind2="3">
         <marc:subfield code="a">spatial distribution</marc:subfield>
      </marc:datafield>
      <marc:datafield tag="650" ind1=" " ind2="3">
         <marc:subfield code="a">species diversity</marc:subfield>
      </marc:datafield>
      <marc:datafield tag="650" ind1=" " ind2="3">
         <marc:subfield code="a">topography</marc:subfield>
      </marc:datafield>
      <marc:datafield tag="650" ind1=" " ind2="3">
         <marc:subfield code="a">trees</marc:subfield>
      </marc:datafield>
      <marc:datafield tag="650" ind1=" " ind2="3">
         <marc:subfield code="a">tropical forests</marc:subfield>
      </marc:datafield>
      <marc:datafield tag="651" ind1=" " ind2="3">
         <marc:subfield code="a">Brazil</marc:subfield>
      </marc:datafield>
      <marc:datafield tag="653" ind1=" " ind2="0">
         <marc:subfield code="a">canonical correlation</marc:subfield>
      </marc:datafield>
      <marc:datafield tag="653" ind1=" " ind2="0">
         <marc:subfield code="a">ombrophilous forest</marc:subfield>
      </marc:datafield>
      <marc:datafield tag="653" ind1=" " ind2="0">
         <marc:subfield code="a">soil-vegetation relationship</marc:subfield>
      </marc:datafield>
      <marc:datafield tag="700" ind1="1" ind2=" ">
         <marc:subfield code="a">de Lima, Robson Borges</marc:subfield>
         <marc:subfield code="e">author</marc:subfield>
         <marc:subfield code="u">Laboratório de Manejo Florestal, Universidade do Estado do Amapá/UEAP,
        Macapá, Brazil</marc:subfield>
      </marc:datafield>
      <marc:datafield tag="700" ind1="1" ind2=" ">
         <marc:subfield code="a">Soares, Rubiene Neto</marc:subfield>
         <marc:subfield code="e">author</marc:subfield>
         <marc:subfield code="u">Laboratório de Manejo Florestal, Universidade do Estado do Amapá/UEAP,
        Macapá, Brazil</marc:subfield>
      </marc:datafield>
      <marc:datafield tag="700" ind1="1" ind2=" ">
         <marc:subfield code="a">Souza Dantas, Bruno de</marc:subfield>
         <marc:subfield code="e">author</marc:subfield>
         <marc:subfield code="u">Laboratório de Manejo Florestal, Universidade do Estado do Amapá/UEAP,
        Macapá, Brazil</marc:subfield>
      </marc:datafield>
      <marc:datafield tag="700" ind1="1" ind2=" ">
         <marc:subfield code="a">de Brito, Adriano Castro</marc:subfield>
         <marc:subfield code="e">author</marc:subfield>
         <marc:subfield code="u">Departamento de Recursos Florestais e Biotecnologia, Universidade Estadual
        do Sudoeste da Bahia/UESB, Vitória da Conquista, Brazil</marc:subfield>
      </marc:datafield>
      <marc:datafield tag="700" ind1="1" ind2=" ">
         <marc:subfield code="a">Cordeiro, Michelle Vasconcelos</marc:subfield>
         <marc:subfield code="e">author</marc:subfield>
         <marc:subfield code="u">Departamento de Recursos Florestais e Biotecnologia, Universidade Estadual
        do Sudoeste da Bahia/UESB, Vitória da Conquista, Brazil</marc:subfield>
      </marc:datafield>
      <marc:datafield tag="700" ind1="1" ind2=" ">
         <marc:subfield code="a">de Abreu, Jadson Coelho</marc:subfield>
         <marc:subfield code="e">author</marc:subfield>
         <marc:subfield code="u">Departamento de Recursos Florestais e Biotecnologia, Universidade Estadual
        do Sudoeste da Bahia/UESB, Vitória da Conquista, Brazil</marc:subfield>
      </marc:datafield>
      <marc:datafield tag="700" ind1="1" ind2=" ">
         <marc:subfield code="a">da Silva e Silva, Breno Marques</marc:subfield>
         <marc:subfield code="e">author</marc:subfield>
         <marc:subfield code="u">Departamento de Recursos Florestais e Biotecnologia, Universidade Estadual
        do Sudoeste da Bahia/UESB, Vitória da Conquista, Brazil</marc:subfield>
      </marc:datafield>
      <marc:datafield tag="773" ind1="0" ind2=" ">
         <marc:subfield code="t">Southern forests.</marc:subfield>
         <marc:subfield code="g">2020 Apr. 2, v. 82, no. 2 p.179-195</marc:subfield>
         <marc:subfield code="d">Taylor &amp; Francis</marc:subfield>
         <marc:subfield code="w">Journal:J000000154</marc:subfield>
         <marc:subfield code="x">2070-2639</marc:subfield>
         <marc:subfield code="7">nnas</marc:subfield>
      </marc:datafield>
      <marc:datafield tag="787" ind1="1" ind2=" ">
         <marc:subfield code="o">islandora_article_repository</marc:subfield>
      </marc:datafield>
      <marc:datafield tag="787" ind1="1" ind2=" ">
         <marc:subfield code="o">product_pubag</marc:subfield>
      </marc:datafield>
      <marc:datafield tag="787" ind1="1" ind2=" ">
         <marc:subfield code="o">(Journal)J000000154</marc:subfield>
      </marc:datafield>
      <marc:datafield tag="856" ind1="4" ind2="0">
         <marc:subfield code="u">http://dx.doi.org/10.2989/20702620.2020.1759294</marc:subfield>
         <marc:subfield code="3">Available from publisher's site</marc:subfield>
      </marc:datafield>
      <marc:datafield tag="912" ind1=" " ind2=" ">
         <marc:subfield code="a">Article</marc:subfield>
      </marc:datafield>
      <marc:datafield tag="914" ind1=" " ind2=" ">
         <marc:subfield code="a">Journal:J000000154</marc:subfield>
         <marc:subfield code="b">2070-2639</marc:subfield>
         <marc:subfield code="c">82</marc:subfield>
         <marc:subfield code="d">2</marc:subfield>
         <marc:subfield code="e">179</marc:subfield>
      </marc:datafield>
      <marc:datafield tag="914" ind1=" " ind2=" ">
         <marc:subfield code="f">Southern forests</marc:subfield>
      </marc:datafield>
      <marc:datafield tag="916" ind1=" " ind2=" ">
         <marc:subfield code="a">Batch:2643</marc:subfield>
      </marc:datafield>
      <marc:datafield tag="917" ind1=" " ind2=" ">
         <marc:subfield code="a">issued</marc:subfield>
      </marc:datafield>
      <marc:datafield tag="918" ind1="2" ind2=" ">
         <marc:subfield code="a">Taylor &amp; Francis Group</marc:subfield>
         <marc:subfield code="e">provider</marc:subfield>
         <marc:subfield code="5">DNAL</marc:subfield>
      </marc:datafield>
      <marc:datafield tag="935" ind1=" " ind2=" ">
         <marc:subfield code="a">IND607158882</marc:subfield>
         <marc:subfield code="9">ExL</marc:subfield>
      </marc:datafield>
      <marc:datafield tag="949" ind1=" " ind2=" ">
         <marc:subfield code="a">2021-02-25</marc:subfield>
      </marc:datafield>
      <marc:datafield tag="953" ind1=" " ind2=" ">
         <marc:subfield code="a">/data/metadata/incoming/taylorfrancis/tsfs20_tsfs20.v082.i02_20201104121649#22504754.zip</marc:subfield>
      </marc:datafield>
      <marc:datafield tag="954" ind1=" " ind2=" ">
         <marc:subfield code="a">file:/data/metadata/staging/taylorfrancis/20702620.2020.1759294.xml</marc:subfield>
      </marc:datafield>
      <marc:datafield tag="955" ind1=" " ind2=" ">
         <marc:subfield code="a">/data/metadata/staging/taylorfrancis/</marc:subfield>
      </marc:datafield>
      <marc:datafield tag="974" ind1=" " ind2=" ">
         <marc:subfield code="a">agid:7158882</marc:subfield>
      </marc:datafield>
      <marc:datafield tag="983" ind1=" " ind2=" ">
         <marc:subfield code="a">2020-11-04</marc:subfield>
      </marc:datafield>
      <marc:datafield tag="984" ind1=" " ind2=" ">
         <marc:subfield code="a">2021-02-25</marc:subfield>
      </marc:datafield>
   </marc:record>