
   <marc:record>
      <marc:leader>04017nab a2200697 u 4500</marc:leader>
      <marc:controlfield tag="001">9915994048607426</marc:controlfield>
      <marc:controlfield tag="005">20221117160626.0</marc:controlfield>
      <marc:controlfield tag="008">100709e201008 xx |||||o|||||||||||eng||</marc:controlfield>
      <marc:datafield tag="016" ind1="7" ind2=" ">
         <marc:subfield code="a">IND44397676</marc:subfield>
         <marc:subfield code="2">DNAL</marc:subfield>
      </marc:datafield>
      <marc:datafield tag="024" ind1="7" ind2=" ">
         <marc:subfield code="a">10.1007/s10980-010-9480-3</marc:subfield>
         <marc:subfield code="2">doi</marc:subfield>
      </marc:datafield>
      <marc:datafield tag="035" ind1=" " ind2=" ">
         <marc:subfield code="a">agid:2254285-01nal_inst</marc:subfield>
      </marc:datafield>
      <marc:datafield tag="040" ind1=" " ind2=" ">
         <marc:subfield code="a">AGL</marc:subfield>
         <marc:subfield code="b">eng</marc:subfield>
         <marc:subfield code="c">AGL</marc:subfield>
      </marc:datafield>
      <marc:datafield tag="100" ind1="1" ind2=" ">
         <marc:subfield code="a">Haire, Sandra L. </marc:subfield>
      </marc:datafield>
      <marc:datafield tag="245" ind1="1" ind2="0">
         <marc:subfield code="a">Effects of landscape patterns of fire severity on regenerating ponderosa
        pine forests (Pinus ponderosa) in New Mexico and Arizona, USA</marc:subfield>
      </marc:datafield>
      <marc:datafield tag="300" ind1=" " ind2=" ">
         <marc:subfield code="a">p. 1055-1069.</marc:subfield>
      </marc:datafield>
      <marc:datafield tag="520" ind1=" " ind2=" ">
         <marc:subfield code="a">Much of the current effort to restore southwestern ponderosa pine forests
        to historical conditions is predicated upon assumptions regarding the catastrophic effects
        of large fires that are now defining a new fire regime. To determine how spatial
        characteristics influence the process of ponderosa pine regeneration under this new regime,
        we mapped the spatial patterns of severity at areas that burned in 1960 (Saddle Mountain,
        AZ) and (La Mesa, NM) 1977 using pre- and post-fire aerial photography, and quantified
        characteristics of pine regeneration at sample plots in areas where all trees were killed by
        the fire event. We used generalized linear models to determine the relationship of ponderosa
        pine stem density to three spatial burn pattern metrics: (1) distance to nearest edge of
        lower severity; (2) neighborhood severity, measured at varying spatial scales, and (3)
        scaled seed dispersal kernel surfaces. Pine regeneration corresponded most closely with
        particular scales of measurement in both seed dispersal kernel and neighborhood severity.
        Spatial patterns of burning remained important to understanding regeneration even after
        consideration of subsequent disturbance and other environmental variables, with the
        exception of a few cases in which simpler models were equally well-supported by the data.
        Analysis of tree ages revealed slow progress in early post-fire years. Our observations
        suggest that populations spread in a moving front, as well as by remotely dispersed
        individuals. Based on our results, recent large fires cannot be summarily dismissed as
        catastrophic. We conclude that management should focus on the value and natural recovery of
        post-fire landscapes. Further, process centered restoration efforts could utilize our
        findings in formulating reference dynamics under a changing fire regime.</marc:subfield>
      </marc:datafield>
      <marc:datafield tag="593" ind1=" " ind2=" ">
         <marc:subfield code="a">PubAg article</marc:subfield>
      </marc:datafield>
      <marc:datafield tag="650" ind1=" " ind2="3">
         <marc:subfield code="a">Pinus ponderosa</marc:subfield>
      </marc:datafield>
      <marc:datafield tag="650" ind1=" " ind2="3">
         <marc:subfield code="a">aerial photography</marc:subfield>
      </marc:datafield>
      <marc:datafield tag="650" ind1=" " ind2="3">
         <marc:subfield code="a">burning</marc:subfield>
      </marc:datafield>
      <marc:datafield tag="650" ind1=" " ind2="3">
         <marc:subfield code="a">coniferous forests</marc:subfield>
      </marc:datafield>
      <marc:datafield tag="650" ind1=" " ind2="3">
         <marc:subfield code="a">environmental factors</marc:subfield>
      </marc:datafield>
      <marc:datafield tag="650" ind1=" " ind2="3">
         <marc:subfield code="a">fire regime</marc:subfield>
      </marc:datafield>
      <marc:datafield tag="650" ind1=" " ind2="3">
         <marc:subfield code="a">fire severity</marc:subfield>
      </marc:datafield>
      <marc:datafield tag="650" ind1=" " ind2="3">
         <marc:subfield code="a">forest fires</marc:subfield>
      </marc:datafield>
      <marc:datafield tag="650" ind1=" " ind2="3">
         <marc:subfield code="a">landscapes</marc:subfield>
      </marc:datafield>
      <marc:datafield tag="650" ind1=" " ind2="3">
         <marc:subfield code="a">linear models</marc:subfield>
      </marc:datafield>
      <marc:datafield tag="650" ind1=" " ind2="3">
         <marc:subfield code="a">seed dispersal</marc:subfield>
      </marc:datafield>
      <marc:datafield tag="650" ind1=" " ind2="3">
         <marc:subfield code="a">tree age</marc:subfield>
      </marc:datafield>
      <marc:datafield tag="650" ind1=" " ind2="3">
         <marc:subfield code="a">trees</marc:subfield>
      </marc:datafield>
      <marc:datafield tag="651" ind1=" " ind2="3">
         <marc:subfield code="a">Arizona</marc:subfield>
      </marc:datafield>
      <marc:datafield tag="651" ind1=" " ind2="3">
         <marc:subfield code="a">New Mexico</marc:subfield>
      </marc:datafield>
      <marc:datafield tag="653" ind1=" " ind2="0">
         <marc:subfield code="a">Spatial heterogeneity</marc:subfield>
      </marc:datafield>
      <marc:datafield tag="653" ind1=" " ind2="0">
         <marc:subfield code="a">Burn severity</marc:subfield>
      </marc:datafield>
      <marc:datafield tag="653" ind1=" " ind2="0">
         <marc:subfield code="a">Spatial scale</marc:subfield>
      </marc:datafield>
      <marc:datafield tag="653" ind1=" " ind2="0">
         <marc:subfield code="a">Forest recovery</marc:subfield>
      </marc:datafield>
      <marc:datafield tag="653" ind1=" " ind2="0">
         <marc:subfield code="a">Generalized linear models</marc:subfield>
      </marc:datafield>
      <marc:datafield tag="653" ind1=" " ind2="0">
         <marc:subfield code="a">Seed dispersal kernel</marc:subfield>
      </marc:datafield>
      <marc:datafield tag="653" ind1=" " ind2="0">
         <marc:subfield code="a">Forest age structure</marc:subfield>
      </marc:datafield>
      <marc:datafield tag="700" ind1="1" ind2=" ">
         <marc:subfield code="a">McGarigal, Kevin </marc:subfield>
      </marc:datafield>
      <marc:datafield tag="773" ind1="0" ind2=" ">
         <marc:subfield code="t">Landscape ecology.</marc:subfield>
         <marc:subfield code="g">2010 Aug., v. 25, no. 7 p.1055-1069</marc:subfield>
         <marc:subfield code="d">Dordrecht : Springer Netherlands</marc:subfield>
         <marc:subfield code="x">0921-2973</marc:subfield>
         <marc:subfield code="7">nnas</marc:subfield>
      </marc:datafield>
      <marc:datafield tag="787" ind1="1" ind2=" ">
         <marc:subfield code="o">islandora_article_repository</marc:subfield>
      </marc:datafield>
      <marc:datafield tag="787" ind1="1" ind2=" ">
         <marc:subfield code="o">product_pubag</marc:subfield>
      </marc:datafield>
      <marc:datafield tag="787" ind1="1" ind2=" ">
         <marc:subfield code="o">(Journal)jnl3870067</marc:subfield>
      </marc:datafield>
      <marc:datafield tag="852" ind1=" " ind2=" ">
         <marc:subfield code="a">DNAL</marc:subfield>
      </marc:datafield>
      <marc:datafield tag="856" ind1="4" ind2="0">
         <marc:subfield code="u">http://dx.doi.org/10.1007/s10980-010-9480-3</marc:subfield>
         <marc:subfield code="3">Available from publisher's Web site</marc:subfield>
      </marc:datafield>
      <marc:datafield tag="912" ind1=" " ind2=" ">
         <marc:subfield code="a">Article</marc:subfield>
      </marc:datafield>
      <marc:datafield tag="914" ind1=" " ind2=" ">
         <marc:subfield code="a">Journal:jnl3870067</marc:subfield>
      </marc:datafield>
      <marc:datafield tag="914" ind1=" " ind2=" ">
         <marc:subfield code="f">Landscape ecology</marc:subfield>
      </marc:datafield>
      <marc:datafield tag="916" ind1=" " ind2=" ">
         <marc:subfield code="a">Batch:1243</marc:subfield>
      </marc:datafield>
      <marc:datafield tag="917" ind1=" " ind2=" ">
         <marc:subfield code="a">issued</marc:subfield>
      </marc:datafield>
      <marc:datafield tag="930" ind1=" " ind2=" ">
         <marc:subfield code="a">20100709</marc:subfield>
         <marc:subfield code="b">20100807</marc:subfield>
         <marc:subfield code="c">00000000</marc:subfield>
      </marc:datafield>
      <marc:datafield tag="935" ind1=" " ind2=" ">
         <marc:subfield code="a">IND44397676</marc:subfield>
         <marc:subfield code="9">ExL</marc:subfield>
      </marc:datafield>
      <marc:datafield tag="946" ind1=" " ind2=" ">
         <marc:subfield code="a">Other US</marc:subfield>
      </marc:datafield>
      <marc:datafield tag="949" ind1=" " ind2=" ">
         <marc:subfield code="a">2016-03-28</marc:subfield>
      </marc:datafield>
      <marc:datafield tag="952" ind1=" " ind2=" ">
         <marc:subfield code="a">20100709 20100807 00000000</marc:subfield>
      </marc:datafield>
      <marc:datafield tag="962" ind1=" " ind2=" ">
         <marc:subfield code="a">Batch:1243 reviewed on 2016-03-28T14:00:03Z</marc:subfield>
      </marc:datafield>
      <marc:datafield tag="974" ind1=" " ind2=" ">
         <marc:subfield code="a">agid:2254285</marc:subfield>
      </marc:datafield>
      <marc:datafield tag="984" ind1=" " ind2=" ">
         <marc:subfield code="a">2016-03-28</marc:subfield>
      </marc:datafield>
      <marc:datafield tag="985" ind1=" " ind2=" ">
         <marc:subfield code="a">Converted from MARCXML to MODS version 3.4 using MARC21slim2MODS3-4.xsl
        (Revision 1.95 2014/04/23)</marc:subfield>
      </marc:datafield>
      <marc:datafield tag="986" ind1=" " ind2=" ">
         <marc:subfield code="a">4397676</marc:subfield>
      </marc:datafield>
   </marc:record>