
   <marc:record>
      <marc:leader>04983nab a2200673 u 4500</marc:leader>
      <marc:controlfield tag="001">9915994750307426</marc:controlfield>
      <marc:controlfield tag="005">20221120094417.0</marc:controlfield>
      <marc:controlfield tag="008">110408s2011 xx |||||o|||||||||||eng||</marc:controlfield>
      <marc:datafield tag="016" ind1="7" ind2=" ">
         <marc:subfield code="a">IND44563588</marc:subfield>
         <marc:subfield code="2">DNAL</marc:subfield>
      </marc:datafield>
      <marc:datafield tag="024" ind1="7" ind2=" ">
         <marc:subfield code="a">10.1111/j.1365-2427.2010.02527.x</marc:subfield>
         <marc:subfield code="2">doi</marc:subfield>
      </marc:datafield>
      <marc:datafield tag="035" ind1=" " ind2=" ">
         <marc:subfield code="a">agid:381948-01nal_inst</marc:subfield>
      </marc:datafield>
      <marc:datafield tag="040" ind1=" " ind2=" ">
         <marc:subfield code="a">AGL</marc:subfield>
         <marc:subfield code="b">eng</marc:subfield>
         <marc:subfield code="c">AGL</marc:subfield>
      </marc:datafield>
      <marc:datafield tag="100" ind1="1" ind2=" ">
         <marc:subfield code="a">COOK, BENJAMIN D.</marc:subfield>
      </marc:datafield>
      <marc:datafield tag="245" ind1="1" ind2="0">
         <marc:subfield code="a">Landscape genetic analysis of the tropical freshwater fish Mogurnda
        mogurnda (Eleotridae) in a monsoonal river basin: importance of hydrographic factors and
        population history</marc:subfield>
      </marc:datafield>
      <marc:datafield tag="300" ind1=" " ind2=" ">
         <marc:subfield code="a">p. 812-827.</marc:subfield>
      </marc:datafield>
      <marc:datafield tag="500" ind1=" " ind2=" ">
         <marc:subfield code="a">Includes references</marc:subfield>
      </marc:datafield>
      <marc:datafield tag="520" ind1=" " ind2=" ">
         <marc:subfield code="a">1. We performed spatial genetic analyses, incorporating landscape genetic
        methods using microsatellite data and phylogeographic analyses using mtDNA data, to identify
        the principal factors that determine population heterogeneity of the tropical freshwater
        fish, Mogurnda mogurnda, in the Daly River, northern Australia. We tested the individual and
        interactive effects of several environmental variables on spatial genetic patterns,
        including metrics relating to connectivity (i.e. stream distance, maximum stream gradient
        and elevation), habitat size (i.e. mean annual discharge) and a categorical variable
        relating to population history, as determined by mtDNA phylogeographic analyses. The Daly
        River is geomorphologically and hydrologically complex, and M. mogurnda has life history
        traits that limit its dispersal potential at river basin scales. Thus, we predicted that
        variables relating to connectivity would be the most important landscape factors driving
        population structure of the species. 2. Tree-based phylogeographic analyses indicated four
        divergent mtDNA lineages within M. mogurnda in the Daly River, although three of the
        lineages were sympatric in various combinations and did not correspond with microsatellite
        groups identified by assignment tests. The allopatric mtDNA lineage detected in the
        uppermost part of the catchment was also identified as being highly differentiated by the
        microsatellite data, strongly suggesting that it may be a cryptic species. This site was
        therefore excluded from subsequent landscape genetic analyses. 3. Analyses of Molecular
        Variance indicated that M. mogurnda has a hierarchical population structure in the Daly
        River, thus supporting theoretical expectations that hierarchically arranged river habitats
        in dendritic systems impose hierarchal population structures on lotic species. 4. All
        landscape genetic analyses rejected stream distance, and supported stream gradient, as the
        major determinant of spatial genetic variation in M. mogurnda in the Daly River. Support for
        elevation as a determinant of spatial genetic patterns differed among the landscape genetic
        methods. Several of the landscape genetic methods also indicate that population history,
        including secondary contact between divergent and formerly allopatric genetic lineages, has
        a strong influence on spatial genetic patterns within M. mogurnda in the Daly River. 5. This
        study demonstrates the need to consider multiple environmental factors, especially factors
        relating to connectivity, and their interactions in spatial genetic analysis, rather than
        just geographic distance. Importantly, it demonstrates the need to account for population
        history and evolutionary divergences in landscape genetic analyses.</marc:subfield>
      </marc:datafield>
      <marc:datafield tag="593" ind1=" " ind2=" ">
         <marc:subfield code="a">PubAg article</marc:subfield>
      </marc:datafield>
      <marc:datafield tag="650" ind1=" " ind2="3">
         <marc:subfield code="a">Eleotridae</marc:subfield>
      </marc:datafield>
      <marc:datafield tag="650" ind1=" " ind2="3">
         <marc:subfield code="a">divergent evolution</marc:subfield>
      </marc:datafield>
      <marc:datafield tag="650" ind1=" " ind2="3">
         <marc:subfield code="a">environmental factors</marc:subfield>
      </marc:datafield>
      <marc:datafield tag="650" ind1=" " ind2="3">
         <marc:subfield code="a">freshwater fish</marc:subfield>
      </marc:datafield>
      <marc:datafield tag="650" ind1=" " ind2="3">
         <marc:subfield code="a">genetic techniques and protocols</marc:subfield>
      </marc:datafield>
      <marc:datafield tag="650" ind1=" " ind2="3">
         <marc:subfield code="a">genetic variation</marc:subfield>
      </marc:datafield>
      <marc:datafield tag="650" ind1=" " ind2="3">
         <marc:subfield code="a">habitats</marc:subfield>
      </marc:datafield>
      <marc:datafield tag="650" ind1=" " ind2="3">
         <marc:subfield code="a">hydrology</marc:subfield>
      </marc:datafield>
      <marc:datafield tag="650" ind1=" " ind2="3">
         <marc:subfield code="a">life history</marc:subfield>
      </marc:datafield>
      <marc:datafield tag="650" ind1=" " ind2="3">
         <marc:subfield code="a">lotic systems</marc:subfield>
      </marc:datafield>
      <marc:datafield tag="650" ind1=" " ind2="3">
         <marc:subfield code="a">microsatellite repeats</marc:subfield>
      </marc:datafield>
      <marc:datafield tag="650" ind1=" " ind2="3">
         <marc:subfield code="a">mitochondrial DNA</marc:subfield>
      </marc:datafield>
      <marc:datafield tag="650" ind1=" " ind2="3">
         <marc:subfield code="a">population structure</marc:subfield>
      </marc:datafield>
      <marc:datafield tag="650" ind1=" " ind2="3">
         <marc:subfield code="a">rivers</marc:subfield>
      </marc:datafield>
      <marc:datafield tag="650" ind1=" " ind2="3">
         <marc:subfield code="a">secondary contact</marc:subfield>
      </marc:datafield>
      <marc:datafield tag="650" ind1=" " ind2="3">
         <marc:subfield code="a">variance</marc:subfield>
      </marc:datafield>
      <marc:datafield tag="650" ind1=" " ind2="3">
         <marc:subfield code="a">watersheds</marc:subfield>
      </marc:datafield>
      <marc:datafield tag="651" ind1=" " ind2="3">
         <marc:subfield code="a">Australia</marc:subfield>
      </marc:datafield>
      <marc:datafield tag="700" ind1="1" ind2=" ">
         <marc:subfield code="a">KENNARD, MARK J.</marc:subfield>
      </marc:datafield>
      <marc:datafield tag="700" ind1="1" ind2=" ">
         <marc:subfield code="a">REAL, KATHRYN</marc:subfield>
      </marc:datafield>
      <marc:datafield tag="700" ind1="1" ind2=" ">
         <marc:subfield code="a">PUSEY, BRADLEY J.</marc:subfield>
      </marc:datafield>
      <marc:datafield tag="700" ind1="1" ind2=" ">
         <marc:subfield code="a">HUGHES, JANE M.</marc:subfield>
      </marc:datafield>
      <marc:datafield tag="773" ind1="0" ind2=" ">
         <marc:subfield code="t">Freshwater biology.</marc:subfield>
         <marc:subfield code="g">2011 May, v. 56, no. 5 p.812-827</marc:subfield>
         <marc:subfield code="d">Blackwell Publishing Ltd</marc:subfield>
         <marc:subfield code="x">0046-5070</marc:subfield>
         <marc:subfield code="7">nnas</marc:subfield>
      </marc:datafield>
      <marc:datafield tag="787" ind1="1" ind2=" ">
         <marc:subfield code="o">islandora_article_repository</marc:subfield>
      </marc:datafield>
      <marc:datafield tag="787" ind1="1" ind2=" ">
         <marc:subfield code="o">product_pubag</marc:subfield>
      </marc:datafield>
      <marc:datafield tag="787" ind1="1" ind2=" ">
         <marc:subfield code="o">(Journal)jnl1839</marc:subfield>
      </marc:datafield>
      <marc:datafield tag="852" ind1=" " ind2=" ">
         <marc:subfield code="a">DNAL</marc:subfield>
      </marc:datafield>
      <marc:datafield tag="856" ind1="4" ind2="0">
         <marc:subfield code="u">http://dx.doi.org/10.1111/j.1365-2427.2010.02527.x</marc:subfield>
         <marc:subfield code="3">Available from publisher's Web site</marc:subfield>
      </marc:datafield>
      <marc:datafield tag="912" ind1=" " ind2=" ">
         <marc:subfield code="a">Article</marc:subfield>
      </marc:datafield>
      <marc:datafield tag="914" ind1=" " ind2=" ">
         <marc:subfield code="a">Journal:jnl1839</marc:subfield>
         <marc:subfield code="b">0046-5070</marc:subfield>
         <marc:subfield code="c">56</marc:subfield>
         <marc:subfield code="d">5</marc:subfield>
         <marc:subfield code="e">812</marc:subfield>
      </marc:datafield>
      <marc:datafield tag="914" ind1=" " ind2=" ">
         <marc:subfield code="f">Freshwater biology</marc:subfield>
      </marc:datafield>
      <marc:datafield tag="917" ind1=" " ind2=" ">
         <marc:subfield code="a">issued</marc:subfield>
      </marc:datafield>
      <marc:datafield tag="935" ind1=" " ind2=" ">
         <marc:subfield code="a">IND44563588</marc:subfield>
         <marc:subfield code="9">ExL</marc:subfield>
      </marc:datafield>
      <marc:datafield tag="949" ind1=" " ind2=" ">
         <marc:subfield code="a">2014-08-14</marc:subfield>
      </marc:datafield>
      <marc:datafield tag="962" ind1=" " ind2=" ">
         <marc:subfield code="a">Batch:608 annotated on 2014-06-27T11:48:32Z</marc:subfield>
      </marc:datafield>
      <marc:datafield tag="962" ind1=" " ind2=" ">
         <marc:subfield code="a">Batch:608 reviewed on 2014-08-14T11:12:12Z</marc:subfield>
      </marc:datafield>
      <marc:datafield tag="962" ind1=" " ind2=" ">
         <marc:subfield code="a">Batch:608 reviewed on 2014-08-14T16:00:02Z</marc:subfield>
      </marc:datafield>
      <marc:datafield tag="974" ind1=" " ind2=" ">
         <marc:subfield code="a">agid:381948</marc:subfield>
      </marc:datafield>
      <marc:datafield tag="984" ind1=" " ind2=" ">
         <marc:subfield code="a">2011-04-09</marc:subfield>
      </marc:datafield>
      <marc:datafield tag="985" ind1=" " ind2=" ">
         <marc:subfield code="a">Converted from MARCXML to MODS version 3.4 using MARC21slim2MODS3-4.xsl
        (Revision 1.94 2014/02/21)</marc:subfield>
      </marc:datafield>
      <marc:datafield tag="986" ind1=" " ind2=" ">
         <marc:subfield code="a">4563588</marc:subfield>
      </marc:datafield>
   </marc:record>