
   <marc:record>
      <marc:leader>05028nab a2200649 u 4500</marc:leader>
      <marc:controlfield tag="001">9915996106107426</marc:controlfield>
      <marc:controlfield tag="005">20221122003028.0</marc:controlfield>
      <marc:controlfield tag="008">140617e201407 xx |||||o|||||||||||eng||</marc:controlfield>
      <marc:datafield tag="016" ind1="7" ind2=" ">
         <marc:subfield code="a">IND500904301</marc:subfield>
         <marc:subfield code="2">DNAL</marc:subfield>
      </marc:datafield>
      <marc:datafield tag="024" ind1="7" ind2=" ">
         <marc:subfield code="a">10.1111/bij.12289</marc:subfield>
         <marc:subfield code="2">doi</marc:subfield>
      </marc:datafield>
      <marc:datafield tag="035" ind1=" " ind2=" ">
         <marc:subfield code="a">agid:392884-01nal_inst</marc:subfield>
      </marc:datafield>
      <marc:datafield tag="040" ind1=" " ind2=" ">
         <marc:subfield code="a">AGL</marc:subfield>
         <marc:subfield code="b">eng</marc:subfield>
         <marc:subfield code="c">AGL</marc:subfield>
      </marc:datafield>
      <marc:datafield tag="100" ind1="1" ind2=" ">
         <marc:subfield code="a">Zúñiga‐Vega, J. Jaime</marc:subfield>
         <marc:subfield code="e">author</marc:subfield>
         <marc:subfield code="u">Departamento de Ecología y Recursos Naturales, Facultad de Ciencias,
        Universidad Nacional Autónoma de México, Ciudad Universitaria, Distrito Federal, 04510,
        México</marc:subfield>
      </marc:datafield>
      <marc:datafield tag="245" ind1="1" ind2="0">
         <marc:subfield code="a">Do freshwater ecoregions and continental shelf width predict patterns of
        historical gene flow in the freshwater fish Poecilia butleri?</marc:subfield>
      </marc:datafield>
      <marc:datafield tag="300" ind1=" " ind2=" ">
         <marc:subfield code="a">p. 399-416.</marc:subfield>
      </marc:datafield>
      <marc:datafield tag="520" ind1=" " ind2=" ">
         <marc:subfield code="a">We examined historical patterns of gene flow in the freshwater fish
        Poecilia butleri in western Mexico. We tested the hypothesis that the boundaries between
        four freshwater ecological communities (ecoregions) might have limited the movement of
        P. butleri because changes in species compositions might restrict establishment between
        adjacent ecoregions, even in situations where a physical barrier is absent. Hence, we
        predicted that boundaries between ecoregions should correspond to phylogeographical breaks
        in P. butleri. We also tested the hypothesis that the width of the continental shelf
        affected historical gene flow in P. butleri because a broad continental shelf provides a
        greater opportunity for rivers to coalesce during historical episodes of low sea levels as
        opposed to a narrow continental shelf that should restrict the potential for gene flow among
        adjacent rivers. Hence, we predicted greater amounts of historical gene flow among
        neighbouring river basins in the region of western Mexico where the continental shelf is
        wider, whereas, in the region where the continental shelf is narrower, we expected to detect
        limited levels of historical gene flow. We analyzed mitochondrial DNA sequence data
        (cytochrome b) taken from 264 individuals of P. butleri collected from 34 locations
        distributed across four different ecoregions in western Mexico. To examine patterns of
        phylogenetic diversification and historical gene flow in P. butleri, we employed several
        analytical approaches, including traditional tree‐based phylogenetic analyses (likelihood
        and parsimony), haplotype network reconstruction, analyses of molecular variance, and
        spatial analysis of molecular variance. We found genetic breaks coinciding with two out of
        three different ecoregion boundaries, suggesting limited historical gene flow. In addition
        to different species compositions between these adjacent ecoregions, geological features
        such as the Trans‐Mexican Volcanic Belt and the mountainous topography in south‐western
        Mexico, likely contributed to these observed genetic breaks. By contrast, no genetic break
        was evident between two other ecoregions, a result that partially rejects our first
        hypothesis. Several results were consistent with our second hypothesis. Changes in the width
        of the continental shelf in western Mexico are associated with the observed patterns of
        historical gene flow. Our results indicate that the interactions among multiple geological
        and biological factors affect the spatial patterns of genetic diversity of widespread
        freshwater species. © 2014 The Linnean Society of London, Biological Journal of the Linnean
        Society, 2014, 112, 399–416.</marc:subfield>
      </marc:datafield>
      <marc:datafield tag="592" ind1=" " ind2=" ">
         <marc:subfield code="a">Publisher supplied data</marc:subfield>
      </marc:datafield>
      <marc:datafield tag="593" ind1=" " ind2=" ">
         <marc:subfield code="a">PubAg article</marc:subfield>
      </marc:datafield>
      <marc:datafield tag="650" ind1=" " ind2="3">
         <marc:subfield code="a">Poecilia</marc:subfield>
      </marc:datafield>
      <marc:datafield tag="650" ind1=" " ind2="3">
         <marc:subfield code="a">continental shelf</marc:subfield>
      </marc:datafield>
      <marc:datafield tag="650" ind1=" " ind2="3">
         <marc:subfield code="a">cytochrome b</marc:subfield>
      </marc:datafield>
      <marc:datafield tag="650" ind1=" " ind2="3">
         <marc:subfield code="a">ecoregions</marc:subfield>
      </marc:datafield>
      <marc:datafield tag="650" ind1=" " ind2="3">
         <marc:subfield code="a">freshwater</marc:subfield>
      </marc:datafield>
      <marc:datafield tag="650" ind1=" " ind2="3">
         <marc:subfield code="a">freshwater fish</marc:subfield>
      </marc:datafield>
      <marc:datafield tag="650" ind1=" " ind2="3">
         <marc:subfield code="a">gene flow</marc:subfield>
      </marc:datafield>
      <marc:datafield tag="650" ind1=" " ind2="3">
         <marc:subfield code="a">genetic variation</marc:subfield>
      </marc:datafield>
      <marc:datafield tag="650" ind1=" " ind2="3">
         <marc:subfield code="a">nucleotide sequences</marc:subfield>
      </marc:datafield>
      <marc:datafield tag="650" ind1=" " ind2="3">
         <marc:subfield code="a">phylogeny</marc:subfield>
      </marc:datafield>
      <marc:datafield tag="650" ind1=" " ind2="3">
         <marc:subfield code="a">rivers</marc:subfield>
      </marc:datafield>
      <marc:datafield tag="650" ind1=" " ind2="3">
         <marc:subfield code="a">species diversity</marc:subfield>
      </marc:datafield>
      <marc:datafield tag="650" ind1=" " ind2="3">
         <marc:subfield code="a">topography</marc:subfield>
      </marc:datafield>
      <marc:datafield tag="650" ind1=" " ind2="3">
         <marc:subfield code="a">variance</marc:subfield>
      </marc:datafield>
      <marc:datafield tag="650" ind1=" " ind2="3">
         <marc:subfield code="a">watersheds</marc:subfield>
      </marc:datafield>
      <marc:datafield tag="651" ind1=" " ind2="3">
         <marc:subfield code="a">Mexico</marc:subfield>
      </marc:datafield>
      <marc:datafield tag="700" ind1="1" ind2=" ">
         <marc:subfield code="a">Ingley, Spencer J.</marc:subfield>
         <marc:subfield code="e">author</marc:subfield>
      </marc:datafield>
      <marc:datafield tag="700" ind1="1" ind2=" ">
         <marc:subfield code="a">Unmack, Peter J.</marc:subfield>
         <marc:subfield code="e">author</marc:subfield>
      </marc:datafield>
      <marc:datafield tag="700" ind1="1" ind2=" ">
         <marc:subfield code="a">Johnson, Jerald B.</marc:subfield>
         <marc:subfield code="e">author</marc:subfield>
      </marc:datafield>
      <marc:datafield tag="773" ind1="0" ind2=" ">
         <marc:subfield code="t">Biological journal of the Linnean Society.</marc:subfield>
         <marc:subfield code="g">2014 July, v. 112, no. 3 p.399-416</marc:subfield>
         <marc:subfield code="d">Published for the Linnean Society of London by Academic Press</marc:subfield>
         <marc:subfield code="x">0024-4066</marc:subfield>
         <marc:subfield code="7">nnas</marc:subfield>
      </marc:datafield>
      <marc:datafield tag="787" ind1="1" ind2=" ">
         <marc:subfield code="o">islandora_article_repository</marc:subfield>
      </marc:datafield>
      <marc:datafield tag="787" ind1="1" ind2=" ">
         <marc:subfield code="o">product_pubag</marc:subfield>
      </marc:datafield>
      <marc:datafield tag="787" ind1="1" ind2=" ">
         <marc:subfield code="o">(Journal)jnl1847</marc:subfield>
      </marc:datafield>
      <marc:datafield tag="856" ind1="4" ind2="0">
         <marc:subfield code="u">http://dx.doi.org/10.1111/bij.12289</marc:subfield>
      </marc:datafield>
      <marc:datafield tag="912" ind1=" " ind2=" ">
         <marc:subfield code="a">Article</marc:subfield>
      </marc:datafield>
      <marc:datafield tag="914" ind1=" " ind2=" ">
         <marc:subfield code="a">Journal:jnl1847</marc:subfield>
         <marc:subfield code="b">0024-4066</marc:subfield>
         <marc:subfield code="c">112</marc:subfield>
         <marc:subfield code="d">3</marc:subfield>
         <marc:subfield code="e">399</marc:subfield>
      </marc:datafield>
      <marc:datafield tag="914" ind1=" " ind2=" ">
         <marc:subfield code="f">Biological journal of the Linnean Society</marc:subfield>
      </marc:datafield>
      <marc:datafield tag="917" ind1=" " ind2=" ">
         <marc:subfield code="a">issued</marc:subfield>
      </marc:datafield>
      <marc:datafield tag="918" ind1="2" ind2=" ">
         <marc:subfield code="a">John Wiley &amp; Sons, Inc</marc:subfield>
         <marc:subfield code="e">provider</marc:subfield>
         <marc:subfield code="5">DNAL</marc:subfield>
      </marc:datafield>
      <marc:datafield tag="935" ind1=" " ind2=" ">
         <marc:subfield code="a">IND500904301</marc:subfield>
         <marc:subfield code="9">ExL</marc:subfield>
      </marc:datafield>
      <marc:datafield tag="949" ind1=" " ind2=" ">
         <marc:subfield code="a">2014-07-22</marc:subfield>
      </marc:datafield>
      <marc:datafield tag="951" ind1=" " ind2=" ">
         <marc:subfield code="a">2014-06-17</marc:subfield>
      </marc:datafield>
      <marc:datafield tag="953" ind1=" " ind2=" ">
         <marc:subfield code="a">00244066_2014_112_3.xml</marc:subfield>
      </marc:datafield>
      <marc:datafield tag="962" ind1=" " ind2=" ">
         <marc:subfield code="a">Batch:585 annotated on 2014-06-26T11:37:04Z</marc:subfield>
      </marc:datafield>
      <marc:datafield tag="962" ind1=" " ind2=" ">
         <marc:subfield code="a">Batch:585 reviewed on 2014-07-22T10:09:59Z</marc:subfield>
      </marc:datafield>
      <marc:datafield tag="962" ind1=" " ind2=" ">
         <marc:subfield code="a">Batch:585 reviewed on 2014-07-22T15:04:52Z</marc:subfield>
      </marc:datafield>
      <marc:datafield tag="974" ind1=" " ind2=" ">
         <marc:subfield code="a">agid:392884</marc:subfield>
      </marc:datafield>
      <marc:datafield tag="983" ind1=" " ind2=" ">
         <marc:subfield code="a">2014-06-17</marc:subfield>
      </marc:datafield>
      <marc:datafield tag="984" ind1=" " ind2=" ">
         <marc:subfield code="a">2014-06-17</marc:subfield>
      </marc:datafield>
   </marc:record>