
   <marc:record>
      <marc:leader>04732nab a2200673 u 4500</marc:leader>
      <marc:controlfield tag="001">9915997748607426</marc:controlfield>
      <marc:controlfield tag="005">20221121034141.0</marc:controlfield>
      <marc:controlfield tag="008">210330e202101 xx |||||o|||||||||||eng||</marc:controlfield>
      <marc:datafield tag="016" ind1="7" ind2=" ">
         <marc:subfield code="a">IND607325468</marc:subfield>
         <marc:subfield code="2">DNAL</marc:subfield>
      </marc:datafield>
      <marc:datafield tag="024" ind1="7" ind2=" ">
         <marc:subfield code="a">10.1111/avsc.12522</marc:subfield>
         <marc:subfield code="2">doi</marc:subfield>
      </marc:datafield>
      <marc:datafield tag="035" ind1=" " ind2=" ">
         <marc:subfield code="a">agid:7325468-01nal_inst</marc:subfield>
      </marc:datafield>
      <marc:datafield tag="040" ind1=" " ind2=" ">
         <marc:subfield code="a">AGL</marc:subfield>
         <marc:subfield code="b">eng</marc:subfield>
         <marc:subfield code="c">AGL</marc:subfield>
      </marc:datafield>
      <marc:datafield tag="100" ind1="1" ind2=" ">
         <marc:subfield code="a">Cupertino‐Eisenlohr, Mônica A</marc:subfield>
         <marc:subfield code="e">author</marc:subfield>
         <marc:subfield code="u">Programa de Pós‐Graduação em Botânica, Universidade de Brasília, Brasília,
        Brazil</marc:subfield>
         <marc:subfield code="1">https://orcid.org/0000-0002-4856-3588</marc:subfield>
      </marc:datafield>
      <marc:datafield tag="245" ind1="1" ind2="0">
         <marc:subfield code="a">Patterns of variation in tree composition and richness in Neotropical
        Non‐Flooded Evergreen Forests</marc:subfield>
      </marc:datafield>
      <marc:datafield tag="500" ind1=" " ind2=" ">
         <marc:subfield code="a">NAL-AP-2-clean</marc:subfield>
      </marc:datafield>
      <marc:datafield tag="500" ind1=" " ind2=" ">
         <marc:subfield code="a">JOURNAL ARTICLE</marc:subfield>
      </marc:datafield>
      <marc:datafield tag="520" ind1=" " ind2=" ">
         <marc:subfield code="a">QUESTIONS: We investigated tree floristic variation among the Neotropical
        Non‐Flooded Evergreen Forests (NEF). We addressed the following questions: (a) which are the
        floristic groups among NEF and how are they correlated with environmental variables; (b) how
        many species, genera and families are shared between these floristic groups and which
        species are unique and indicative of each one; and (c) how does species richness vary
        between NEF groups? LOCATION: Neotropical region. METHODS: We used cluster and ordination
        analyses based on 518,004 tree occurrence data available in the NeoTropTree database to
        identify floristic groups throughout NEF. From the floristic groups identified here, we (a)
        verified correlations between floristic composition and precipitation, temperature,
        altitude, and latitude; (b) calculated the number of shared species, genera and families,
        and identified taxa unique to each group; and (c) obtained indicator species and estimated
        species richness for these floristic groups. RESULTS: We recorded 172 families, 1,276 genera
        and 15,134 species in 1,885 sites of NEF. The families most rich in species were Fabaceae,
        Rubiaceae and Myrtaceae. We identified nine groups among the NEF, which broadly correspond
        to floristic provinces reported in the literature. Altitude and annual mean temperature were
        associated with a species turnover gradient from Amazon to Andean Cloud Forest. Atlantic
        Forest (south) and Mesoamerica plus Caribbean (north) represented the extremes of a
        latitudinal gradient. The Atlantic Forest presented the largest number of exclusive and
        indicator species (2,477 and 265, respectively), while the Amazon showed the highest species
        richness (6,167 species). CONCLUSIONS: Although it was possible to separate NEF into
        distinct floristic groups, this floristic dissociation seems to be recent, since it found
        support only in species data. The floristic groups identified in this study are largely
        congruent with their geographic distribution and spatial/ecological isolation, and seem to
        reflect historical, geological and climatic events that occurred in the
        Neotropics.</marc:subfield>
      </marc:datafield>
      <marc:datafield tag="592" ind1=" " ind2=" ">
         <marc:subfield code="a">Publisher supplied data</marc:subfield>
      </marc:datafield>
      <marc:datafield tag="593" ind1=" " ind2=" ">
         <marc:subfield code="a">PubAg article</marc:subfield>
      </marc:datafield>
      <marc:datafield tag="596" ind1=" " ind2=" ">
         <marc:subfield code="a">001</marc:subfield>
         <marc:subfield code="c">Coordenação de Aperfeiçoamento de Pessoal de Nível Superior</marc:subfield>
      </marc:datafield>
      <marc:datafield tag="650" ind1=" " ind2="3">
         <marc:subfield code="a">Fabaceae</marc:subfield>
      </marc:datafield>
      <marc:datafield tag="650" ind1=" " ind2="3">
         <marc:subfield code="a">Myrtaceae</marc:subfield>
      </marc:datafield>
      <marc:datafield tag="650" ind1=" " ind2="3">
         <marc:subfield code="a">Neotropics</marc:subfield>
      </marc:datafield>
      <marc:datafield tag="650" ind1=" " ind2="3">
         <marc:subfield code="a">Rubiaceae</marc:subfield>
      </marc:datafield>
      <marc:datafield tag="650" ind1=" " ind2="3">
         <marc:subfield code="a">altitude</marc:subfield>
      </marc:datafield>
      <marc:datafield tag="650" ind1=" " ind2="3">
         <marc:subfield code="a">botanical composition</marc:subfield>
      </marc:datafield>
      <marc:datafield tag="650" ind1=" " ind2="3">
         <marc:subfield code="a">databases</marc:subfield>
      </marc:datafield>
      <marc:datafield tag="650" ind1=" " ind2="3">
         <marc:subfield code="a">dissociation</marc:subfield>
      </marc:datafield>
      <marc:datafield tag="650" ind1=" " ind2="3">
         <marc:subfield code="a">geographical distribution</marc:subfield>
      </marc:datafield>
      <marc:datafield tag="650" ind1=" " ind2="3">
         <marc:subfield code="a">indicator species</marc:subfield>
      </marc:datafield>
      <marc:datafield tag="650" ind1=" " ind2="3">
         <marc:subfield code="a">latitude</marc:subfield>
      </marc:datafield>
      <marc:datafield tag="650" ind1=" " ind2="3">
         <marc:subfield code="a">species richness</marc:subfield>
      </marc:datafield>
      <marc:datafield tag="650" ind1=" " ind2="3">
         <marc:subfield code="a">temperature</marc:subfield>
      </marc:datafield>
      <marc:datafield tag="650" ind1=" " ind2="3">
         <marc:subfield code="a">trees</marc:subfield>
      </marc:datafield>
      <marc:datafield tag="650" ind1=" " ind2="3">
         <marc:subfield code="a">tropical montane cloud forests</marc:subfield>
      </marc:datafield>
      <marc:datafield tag="651" ind1=" " ind2="3">
         <marc:subfield code="a">Andes region</marc:subfield>
      </marc:datafield>
      <marc:datafield tag="651" ind1=" " ind2="3">
         <marc:subfield code="a">Caribbean</marc:subfield>
      </marc:datafield>
      <marc:datafield tag="651" ind1=" " ind2="3">
         <marc:subfield code="a">Central America</marc:subfield>
      </marc:datafield>
      <marc:datafield tag="700" ind1="1" ind2=" ">
         <marc:subfield code="a">Oliveira‐Filho, Ary T</marc:subfield>
         <marc:subfield code="e">author</marc:subfield>
         <marc:subfield code="u">Departamento de Botânica, Universidade Federal de Minas Gerais, Belo
        Horizonte, Brazil</marc:subfield>
         <marc:subfield code="1">https://orcid.org/0000-0002-6766-1407</marc:subfield>
      </marc:datafield>
      <marc:datafield tag="700" ind1="1" ind2=" ">
         <marc:subfield code="a">Simon, Marcelo F</marc:subfield>
         <marc:subfield code="e">author</marc:subfield>
         <marc:subfield code="u">Embrapa Recursos Genéticos e Biotecnologia, Brasília, Brazil</marc:subfield>
         <marc:subfield code="1">https://orcid.org/0000-0002-5732-1716</marc:subfield>
      </marc:datafield>
      <marc:datafield tag="773" ind1="0" ind2=" ">
         <marc:subfield code="t">Applied vegetation science.</marc:subfield>
         <marc:subfield code="g">2021 Jan., v. 24, no. 1 p.e12522-</marc:subfield>
         <marc:subfield code="d">John Wiley &amp; Sons, Ltd</marc:subfield>
         <marc:subfield code="w">Journal:jnl58701</marc:subfield>
         <marc:subfield code="x">1402-2001</marc:subfield>
         <marc:subfield code="7">nnas</marc:subfield>
      </marc:datafield>
      <marc:datafield tag="787" ind1="1" ind2=" ">
         <marc:subfield code="o">islandora_article_repository</marc:subfield>
      </marc:datafield>
      <marc:datafield tag="787" ind1="1" ind2=" ">
         <marc:subfield code="o">product_pubag</marc:subfield>
      </marc:datafield>
      <marc:datafield tag="787" ind1="1" ind2=" ">
         <marc:subfield code="o">(Journal)jnl58701</marc:subfield>
      </marc:datafield>
      <marc:datafield tag="856" ind1="4" ind2="0">
         <marc:subfield code="u">http://dx.doi.org/10.1111/avsc.12522</marc:subfield>
         <marc:subfield code="3">Available from publisher's site</marc:subfield>
      </marc:datafield>
      <marc:datafield tag="912" ind1=" " ind2=" ">
         <marc:subfield code="a">Article</marc:subfield>
      </marc:datafield>
      <marc:datafield tag="914" ind1=" " ind2=" ">
         <marc:subfield code="a">Journal:jnl58701</marc:subfield>
         <marc:subfield code="b">1402-2001</marc:subfield>
         <marc:subfield code="c">24</marc:subfield>
         <marc:subfield code="d">1</marc:subfield>
         <marc:subfield code="e">e12522</marc:subfield>
      </marc:datafield>
      <marc:datafield tag="914" ind1=" " ind2=" ">
         <marc:subfield code="f">Applied vegetation science</marc:subfield>
      </marc:datafield>
      <marc:datafield tag="916" ind1=" " ind2=" ">
         <marc:subfield code="a">Batch:10091</marc:subfield>
      </marc:datafield>
      <marc:datafield tag="917" ind1=" " ind2=" ">
         <marc:subfield code="a">issued</marc:subfield>
      </marc:datafield>
      <marc:datafield tag="918" ind1="2" ind2=" ">
         <marc:subfield code="a">John Wiley &amp; Sons, Inc</marc:subfield>
         <marc:subfield code="e">provider</marc:subfield>
         <marc:subfield code="5">DNAL</marc:subfield>
      </marc:datafield>
      <marc:datafield tag="935" ind1=" " ind2=" ">
         <marc:subfield code="a">IND607325468</marc:subfield>
         <marc:subfield code="9">ExL</marc:subfield>
      </marc:datafield>
      <marc:datafield tag="949" ind1=" " ind2=" ">
         <marc:subfield code="a">2021-04-18</marc:subfield>
      </marc:datafield>
      <marc:datafield tag="953" ind1=" " ind2=" ">
         <marc:subfield code="a">/data/metadata/incoming/wiley/14022001_2021_24_1.xml</marc:subfield>
      </marc:datafield>
      <marc:datafield tag="954" ind1=" " ind2=" ">
         <marc:subfield code="a">file:/data/metadata/staging/wiley/14022001_2021_24_1.xml</marc:subfield>
      </marc:datafield>
      <marc:datafield tag="955" ind1=" " ind2=" ">
         <marc:subfield code="a">/data/metadata/staging/wiley/</marc:subfield>
      </marc:datafield>
      <marc:datafield tag="974" ind1=" " ind2=" ">
         <marc:subfield code="a">agid:7325468</marc:subfield>
      </marc:datafield>
      <marc:datafield tag="983" ind1=" " ind2=" ">
         <marc:subfield code="a">2021-03-30</marc:subfield>
      </marc:datafield>
      <marc:datafield tag="984" ind1=" " ind2=" ">
         <marc:subfield code="a">2021-04-18</marc:subfield>
      </marc:datafield>
   </marc:record>