
   <marc:record>
      <marc:leader>04704nab a2200661 u 4500</marc:leader>
      <marc:controlfield tag="001">9915998987207426</marc:controlfield>
      <marc:controlfield tag="005">20221120154204.0</marc:controlfield>
      <marc:controlfield tag="008">170713s2017 xx |||||o|||||||||||eng||</marc:controlfield>
      <marc:datafield tag="016" ind1="7" ind2=" ">
         <marc:subfield code="a">IND605639120</marc:subfield>
         <marc:subfield code="2">DNAL</marc:subfield>
      </marc:datafield>
      <marc:datafield tag="024" ind1="7" ind2=" ">
         <marc:subfield code="a">10.1016/j.jenvman.2017.02.034</marc:subfield>
         <marc:subfield code="2">doi</marc:subfield>
      </marc:datafield>
      <marc:datafield tag="035" ind1=" " ind2=" ">
         <marc:subfield code="a">agid:5639120-01nal_inst</marc:subfield>
      </marc:datafield>
      <marc:datafield tag="040" ind1=" " ind2=" ">
         <marc:subfield code="a">AGL</marc:subfield>
         <marc:subfield code="b">eng</marc:subfield>
         <marc:subfield code="c">AGL</marc:subfield>
      </marc:datafield>
      <marc:datafield tag="100" ind1="1" ind2=" ">
         <marc:subfield code="a">Michez, Adrien</marc:subfield>
         <marc:subfield code="e">author</marc:subfield>
         <marc:subfield code="u">University of Liege, Gembloux Agro-Bio Tech, Biosystems Engineering
        Research Unit, Forest Management, 2 Passage des déportés, 5030, Gembloux, Belgium</marc:subfield>
         <marc:subfield code="1">https://orcid.org/0000-0003-4329-6422</marc:subfield>
      </marc:datafield>
      <marc:datafield tag="245" ind1="1" ind2="0">
         <marc:subfield code="a">Multi-temporal monitoring of a regional riparian buffer network
        (&gt;12,000 km) with LiDAR and photogrammetric point clouds</marc:subfield>
      </marc:datafield>
      <marc:datafield tag="500" ind1=" " ind2=" ">
         <marc:subfield code="a">Pre-press version</marc:subfield>
      </marc:datafield>
      <marc:datafield tag="520" ind1=" " ind2=" ">
         <marc:subfield code="a">Riparian buffers are of major concern for land and water resource managers
        despite their relatively low spatial coverage. In Europe, this concern has been acknowledged
        by different environmental directives which recommend multi-scale monitoring (from local to
        regional scales). Remote sensing methods could be a cost-effective alternative to
        field-based monitoring, to build replicable “wall-to-wall” monitoring strategies of large
        river networks and associated riparian buffers. The main goal of our study is to extract and
        analyze various parameters of the riparian buffers of up to 12,000 km of river in southern
        Belgium (Wallonia) from three-dimensional (3D) point clouds based on LiDAR and
        photogrammetric surveys to i) map riparian buffers parameters on different scales, ii)
        interpret the regional patterns of the riparian buffers and iii) propose new riparian buffer
        management indicators. We propose different strategies to synthesize and visualize relevant
        information at different spatial scales ranging from local (&lt;10 km) to regional scale
        (&gt;12,000 km). Our results showed that the selected parameters had a clear regional
        pattern. The reaches of Ardenne ecoregion have channels with the highest flow widths and
        shallowest depths. In contrast, the reaches of the Loam ecoregion have the narrowest and
        deepest flow channels. Regional variability in channel width and depth is used to locate
        management units potentially affected by human impact. Riparian forest of the Loam ecoregion
        is characterized by the lowest longitudinal continuity and mean tree height, underlining
        significant human disturbance. As the availability of 3D point clouds at the regional scale
        is constantly growing, our study proposes reproducible methods which can be integrated into
        regional monitoring by land managers. With LiDAR still being relatively expensive to
        acquire, the use of photogrammetric point clouds combined with LiDAR data is a
        cost-effective means to update the characterization of the riparian forest
        conditions.</marc:subfield>
      </marc:datafield>
      <marc:datafield tag="592" ind1=" " ind2=" ">
         <marc:subfield code="a">Publisher supplied data</marc:subfield>
      </marc:datafield>
      <marc:datafield tag="593" ind1=" " ind2=" ">
         <marc:subfield code="a">PubAg article</marc:subfield>
      </marc:datafield>
      <marc:datafield tag="650" ind1=" " ind2="3">
         <marc:subfield code="a">anthropogenic activities</marc:subfield>
      </marc:datafield>
      <marc:datafield tag="650" ind1=" " ind2="3">
         <marc:subfield code="a">cost effectiveness</marc:subfield>
      </marc:datafield>
      <marc:datafield tag="650" ind1=" " ind2="3">
         <marc:subfield code="a">ecoregions</marc:subfield>
      </marc:datafield>
      <marc:datafield tag="650" ind1=" " ind2="3">
         <marc:subfield code="a">humans</marc:subfield>
      </marc:datafield>
      <marc:datafield tag="650" ind1=" " ind2="3">
         <marc:subfield code="a">lidar</marc:subfield>
      </marc:datafield>
      <marc:datafield tag="650" ind1=" " ind2="3">
         <marc:subfield code="a">managers</marc:subfield>
      </marc:datafield>
      <marc:datafield tag="650" ind1=" " ind2="3">
         <marc:subfield code="a">monitoring</marc:subfield>
      </marc:datafield>
      <marc:datafield tag="650" ind1=" " ind2="3">
         <marc:subfield code="a">photogrammetry</marc:subfield>
      </marc:datafield>
      <marc:datafield tag="650" ind1=" " ind2="3">
         <marc:subfield code="a">remote sensing</marc:subfield>
      </marc:datafield>
      <marc:datafield tag="650" ind1=" " ind2="3">
         <marc:subfield code="a">riparian buffers</marc:subfield>
      </marc:datafield>
      <marc:datafield tag="650" ind1=" " ind2="3">
         <marc:subfield code="a">riparian forests</marc:subfield>
      </marc:datafield>
      <marc:datafield tag="650" ind1=" " ind2="3">
         <marc:subfield code="a">rivers</marc:subfield>
      </marc:datafield>
      <marc:datafield tag="650" ind1=" " ind2="3">
         <marc:subfield code="a">surveys</marc:subfield>
      </marc:datafield>
      <marc:datafield tag="651" ind1=" " ind2="3">
         <marc:subfield code="a">Belgium</marc:subfield>
      </marc:datafield>
      <marc:datafield tag="653" ind1=" " ind2="0">
         <marc:subfield code="a">Riparian buffers</marc:subfield>
      </marc:datafield>
      <marc:datafield tag="653" ind1=" " ind2="0">
         <marc:subfield code="a">Riparia</marc:subfield>
      </marc:datafield>
      <marc:datafield tag="653" ind1=" " ind2="0">
         <marc:subfield code="a">LiDAR</marc:subfield>
      </marc:datafield>
      <marc:datafield tag="653" ind1=" " ind2="0">
         <marc:subfield code="a">Photogrammetric point clouds</marc:subfield>
      </marc:datafield>
      <marc:datafield tag="653" ind1=" " ind2="0">
         <marc:subfield code="a">Regional monitoring</marc:subfield>
      </marc:datafield>
      <marc:datafield tag="653" ind1=" " ind2="0">
         <marc:subfield code="a">Countrywide monitoring</marc:subfield>
      </marc:datafield>
      <marc:datafield tag="700" ind1="1" ind2=" ">
         <marc:subfield code="a">Piégay, Hervé</marc:subfield>
         <marc:subfield code="e">author</marc:subfield>
         <marc:subfield code="u">University of Lyon, UMR 5600 CNRS EVS, Site ENS, 15 Parvis R. Descartes,
        69362, Lyon Cedex 07, BP 7000, France</marc:subfield>
      </marc:datafield>
      <marc:datafield tag="700" ind1="1" ind2=" ">
         <marc:subfield code="a">Lejeune, Philippe</marc:subfield>
         <marc:subfield code="e">author</marc:subfield>
         <marc:subfield code="u">University of Liege, Gembloux Agro-Bio Tech, Biosystems Engineering
        Research Unit, Forest Management, 2 Passage des déportés, 5030, Gembloux, Belgium</marc:subfield>
      </marc:datafield>
      <marc:datafield tag="700" ind1="1" ind2=" ">
         <marc:subfield code="a">Claessens, Hugues</marc:subfield>
         <marc:subfield code="e">author</marc:subfield>
         <marc:subfield code="u">University of Liege, Gembloux Agro-Bio Tech, Biosystems Engineering
        Research Unit, Forest Management, 2 Passage des déportés, 5030, Gembloux, Belgium</marc:subfield>
      </marc:datafield>
      <marc:datafield tag="773" ind1="0" ind2=" ">
         <marc:subfield code="t">Journal of environmental management.</marc:subfield>
         <marc:subfield code="g">2017, </marc:subfield>
         <marc:subfield code="d">Elsevier Ltd</marc:subfield>
         <marc:subfield code="x">0301-4797</marc:subfield>
         <marc:subfield code="7">nnas</marc:subfield>
      </marc:datafield>
      <marc:datafield tag="787" ind1="1" ind2=" ">
         <marc:subfield code="o">islandora_article_repository</marc:subfield>
      </marc:datafield>
      <marc:datafield tag="787" ind1="1" ind2=" ">
         <marc:subfield code="o">product_pubag</marc:subfield>
      </marc:datafield>
      <marc:datafield tag="787" ind1="1" ind2=" ">
         <marc:subfield code="o">(Journal)2018</marc:subfield>
      </marc:datafield>
      <marc:datafield tag="856" ind1="4" ind2="0">
         <marc:subfield code="u">http://dx.doi.org/10.1016/j.jenvman.2017.02.034</marc:subfield>
         <marc:subfield code="3">Available from publisher's site</marc:subfield>
      </marc:datafield>
      <marc:datafield tag="912" ind1=" " ind2=" ">
         <marc:subfield code="a">Article</marc:subfield>
      </marc:datafield>
      <marc:datafield tag="914" ind1=" " ind2=" ">
         <marc:subfield code="a">Journal:2018</marc:subfield>
         <marc:subfield code="b">0301-4797</marc:subfield>
      </marc:datafield>
      <marc:datafield tag="914" ind1=" " ind2=" ">
         <marc:subfield code="f">Journal of environmental management</marc:subfield>
      </marc:datafield>
      <marc:datafield tag="916" ind1=" " ind2=" ">
         <marc:subfield code="a">Batch:1581</marc:subfield>
      </marc:datafield>
      <marc:datafield tag="917" ind1=" " ind2=" ">
         <marc:subfield code="a">issued</marc:subfield>
      </marc:datafield>
      <marc:datafield tag="918" ind1="2" ind2=" ">
         <marc:subfield code="a">Elsevier Consyn</marc:subfield>
         <marc:subfield code="e">provider</marc:subfield>
         <marc:subfield code="5">DNAL</marc:subfield>
      </marc:datafield>
      <marc:datafield tag="935" ind1=" " ind2=" ">
         <marc:subfield code="a">IND605639120</marc:subfield>
         <marc:subfield code="9">ExL</marc:subfield>
      </marc:datafield>
      <marc:datafield tag="949" ind1=" " ind2=" ">
         <marc:subfield code="a">2017-04-04</marc:subfield>
      </marc:datafield>
      <marc:datafield tag="953" ind1=" " ind2=" ">
         <marc:subfield code="a">33533-00004-HEAD-ONLY-COLL_DEV_SELECTED_SUBJECTS.zip</marc:subfield>
      </marc:datafield>
      <marc:datafield tag="974" ind1=" " ind2=" ">
         <marc:subfield code="a">agid:5639120</marc:subfield>
      </marc:datafield>
      <marc:datafield tag="983" ind1=" " ind2=" ">
         <marc:subfield code="a">2017-07-13</marc:subfield>
      </marc:datafield>
      <marc:datafield tag="984" ind1=" " ind2=" ">
         <marc:subfield code="a">2017-07-13</marc:subfield>
      </marc:datafield>
   </marc:record>