
   <marc:record>
      <marc:leader>04690nab a2200565 u 4500</marc:leader>
      <marc:controlfield tag="001">9915999098307426</marc:controlfield>
      <marc:controlfield tag="005">20221121232423.0</marc:controlfield>
      <marc:controlfield tag="008">161031e200702 xx |||||o|||||||||||eng||</marc:controlfield>
      <marc:datafield tag="016" ind1="7" ind2=" ">
         <marc:subfield code="a">IND43917262</marc:subfield>
         <marc:subfield code="2">DNAL</marc:subfield>
      </marc:datafield>
      <marc:datafield tag="024" ind1="7" ind2=" ">
         <marc:subfield code="a">10.1890/05-1935</marc:subfield>
         <marc:subfield code="2">doi</marc:subfield>
      </marc:datafield>
      <marc:datafield tag="035" ind1=" " ind2=" ">
         <marc:subfield code="a">agid:1430173-01nal_inst</marc:subfield>
      </marc:datafield>
      <marc:datafield tag="040" ind1=" " ind2=" ">
         <marc:subfield code="a">AGL</marc:subfield>
         <marc:subfield code="b">eng</marc:subfield>
         <marc:subfield code="c">AGL</marc:subfield>
      </marc:datafield>
      <marc:datafield tag="100" ind1="1" ind2=" ">
         <marc:subfield code="a">Sousa, Wayne P.</marc:subfield>
         <marc:subfield code="e">author</marc:subfield>
         <marc:subfield code="u">Department of Integrative Biology, 3060 Valley Life Sciences Building,
        University of California, Berkeley, California 94720 USA</marc:subfield>
      </marc:datafield>
      <marc:datafield tag="245" ind1="1" ind2="0">
         <marc:subfield code="a">Supply‐side ecology in mangroves: do propagule dispersal and seedling
        establishment explain forest structure?</marc:subfield>
      </marc:datafield>
      <marc:datafield tag="300" ind1=" " ind2=" ">
         <marc:subfield code="a">p. 53-76.</marc:subfield>
      </marc:datafield>
      <marc:datafield tag="500" ind1=" " ind2=" ">
         <marc:subfield code="a">JOURNAL ARTICLE</marc:subfield>
      </marc:datafield>
      <marc:datafield tag="520" ind1=" " ind2=" ">
         <marc:subfield code="a">Theory and empirical evidence suggest that spatial and temporal variation
        in propagule availability can have as great or greater an influence on community structure
        as post‐recruitment biotic interactions, a phenomenon known as supply‐side ecology. One of
        the first theories to invoke supply‐side dynamics, D. Rabinowitz's Tidal Sorting Hypothesis
        (TSH), attributed the tidal zonation of mangrove tree species to the interacting effects of
        water depth and propagule size on dispersal and establishment. According to the TSH, smaller
        propagules are carried farther inland by flood tides than larger ones, stranding and
        establishing in greater numbers at upper tidal elevations. In contrast, larger propagules
        are better able to establish in deeper, more seaward areas because their size affords
        greater access to the soil surface and resistance to buffeting by moving water. Here we
        present results of the first comprehensive investigation of the TSH. In a series of
        experiments conducted at Punta Galeta on the Caribbean coast of Panama, we quantified
        patterns of propagule dispersal and establishment of the three dominant species: Avicennia
        germinans, Laguncularia racemosa, and Rhizophora mangle. To measure dispersal patterns, we
        monitored movements (directions and distances) of marked propagules released at three
        elevations along each of three transects. On all transects, regardless of species or
        elevation, propagules moved seaward rather than being carried inland by tides, as predicted
        by the TSH. Rates of seedling establishment were monitored in experiments conducted at
        different tidal elevations. Contrary to the TSH, all three species established best in the
        lower intertidal, where they were in prolonged contact with the soil surface during low
        tides, and established more poorly in the upper intertidal basin, where standing water made
        rooting difficult. Seedling establishment was lowest in the wave‐exposed, back reef habitat,
        but in accordance with the TSH, the large propagules of Rhizophora rooted and persisted
        better in this turbulent habitat than did the smaller propagules of the other species. We
        conclude that the TSH does not explain the vertical distributions of mangrove species on
        Punta Galeta. Rather, a different form of supply‐side dynamics imposed by the strong seaward
        movement of dispersing propagules is important in structuring our study forests.</marc:subfield>
      </marc:datafield>
      <marc:datafield tag="592" ind1=" " ind2=" ">
         <marc:subfield code="a">Publisher supplied data</marc:subfield>
      </marc:datafield>
      <marc:datafield tag="650" ind1=" " ind2="3">
         <marc:subfield code="a">Avicennia germinans</marc:subfield>
      </marc:datafield>
      <marc:datafield tag="650" ind1=" " ind2="3">
         <marc:subfield code="a">Laguncularia racemosa</marc:subfield>
      </marc:datafield>
      <marc:datafield tag="650" ind1=" " ind2="3">
         <marc:subfield code="a">Rhizophora mangle</marc:subfield>
      </marc:datafield>
      <marc:datafield tag="650" ind1=" " ind2="3">
         <marc:subfield code="a">mangrove forests</marc:subfield>
      </marc:datafield>
      <marc:datafield tag="650" ind1=" " ind2="3">
         <marc:subfield code="a">forest ecology</marc:subfield>
      </marc:datafield>
      <marc:datafield tag="650" ind1=" " ind2="3">
         <marc:subfield code="a">plant communities</marc:subfield>
      </marc:datafield>
      <marc:datafield tag="650" ind1=" " ind2="3">
         <marc:subfield code="a">species diversity</marc:subfield>
      </marc:datafield>
      <marc:datafield tag="650" ind1=" " ind2="3">
         <marc:subfield code="a">seed dispersal</marc:subfield>
      </marc:datafield>
      <marc:datafield tag="650" ind1=" " ind2="3">
         <marc:subfield code="a">seedling emergence</marc:subfield>
      </marc:datafield>
      <marc:datafield tag="650" ind1=" " ind2="3">
         <marc:subfield code="a">seedling growth</marc:subfield>
      </marc:datafield>
      <marc:datafield tag="650" ind1=" " ind2="3">
         <marc:subfield code="a">tropical forests</marc:subfield>
      </marc:datafield>
      <marc:datafield tag="651" ind1=" " ind2="3">
         <marc:subfield code="a">Panama</marc:subfield>
      </marc:datafield>
      <marc:datafield tag="700" ind1="1" ind2=" ">
         <marc:subfield code="a">Kennedy, Peter G.</marc:subfield>
         <marc:subfield code="e">author</marc:subfield>
         <marc:subfield code="u">Department of Integrative Biology, 3060 Valley Life Sciences Building,
        University of California, Berkeley, California 94720 USA</marc:subfield>
      </marc:datafield>
      <marc:datafield tag="700" ind1="1" ind2=" ">
         <marc:subfield code="a">Mitchell, Betsy J.</marc:subfield>
         <marc:subfield code="e">author</marc:subfield>
         <marc:subfield code="u">Department of Integrative Biology, 3060 Valley Life Sciences Building,
        University of California, Berkeley, California 94720 USA</marc:subfield>
      </marc:datafield>
      <marc:datafield tag="700" ind1="1" ind2=" ">
         <marc:subfield code="a">Ordóñez L, Benjamín M.</marc:subfield>
         <marc:subfield code="e">author</marc:subfield>
         <marc:subfield code="u">Galeta Marine Laboratory, Smithsonian Tropical Research Institute, Unit
        0948, APO AA 34002-0948 USA</marc:subfield>
      </marc:datafield>
      <marc:datafield tag="773" ind1="0" ind2=" ">
         <marc:subfield code="t">Ecological monographs.</marc:subfield>
         <marc:subfield code="g">2007 Feb., v. 77, no. 1 p.53-76</marc:subfield>
         <marc:subfield code="d">Ecological Society of America</marc:subfield>
         <marc:subfield code="x">0012-9615</marc:subfield>
         <marc:subfield code="7">nnas</marc:subfield>
      </marc:datafield>
      <marc:datafield tag="787" ind1="1" ind2=" ">
         <marc:subfield code="o">islandora_article_repository</marc:subfield>
      </marc:datafield>
      <marc:datafield tag="787" ind1="1" ind2=" ">
         <marc:subfield code="o">(Journal)19342</marc:subfield>
      </marc:datafield>
      <marc:datafield tag="852" ind1=" " ind2=" ">
         <marc:subfield code="a">DNAL</marc:subfield>
      </marc:datafield>
      <marc:datafield tag="856" ind1="4" ind2="0">
         <marc:subfield code="u">http://dx.doi.org/10.1890/05-1935</marc:subfield>
         <marc:subfield code="3">Available from publisher's site</marc:subfield>
      </marc:datafield>
      <marc:datafield tag="912" ind1=" " ind2=" ">
         <marc:subfield code="a">Article</marc:subfield>
      </marc:datafield>
      <marc:datafield tag="914" ind1=" " ind2=" ">
         <marc:subfield code="a">Journal:19342</marc:subfield>
      </marc:datafield>
      <marc:datafield tag="914" ind1=" " ind2=" ">
         <marc:subfield code="f">Ecological monographs</marc:subfield>
      </marc:datafield>
      <marc:datafield tag="917" ind1=" " ind2=" ">
         <marc:subfield code="a">issued</marc:subfield>
      </marc:datafield>
      <marc:datafield tag="918" ind1="2" ind2=" ">
         <marc:subfield code="a">John Wiley &amp; Sons, Inc</marc:subfield>
         <marc:subfield code="e">provider</marc:subfield>
         <marc:subfield code="5">DNAL</marc:subfield>
      </marc:datafield>
      <marc:datafield tag="935" ind1=" " ind2=" ">
         <marc:subfield code="a">IND43917262</marc:subfield>
         <marc:subfield code="9">ExL</marc:subfield>
      </marc:datafield>
      <marc:datafield tag="953" ind1=" " ind2=" ">
         <marc:subfield code="a">00129615_2007_77_1.xml</marc:subfield>
      </marc:datafield>
      <marc:datafield tag="974" ind1=" " ind2=" ">
         <marc:subfield code="a">agid:1430173</marc:subfield>
      </marc:datafield>
      <marc:datafield tag="983" ind1=" " ind2=" ">
         <marc:subfield code="a">2016-10-31</marc:subfield>
      </marc:datafield>
      <marc:datafield tag="984" ind1=" " ind2=" ">
         <marc:subfield code="a">2016-10-31</marc:subfield>
      </marc:datafield>
      <marc:datafield tag="986" ind1=" " ind2=" ">
         <marc:subfield code="a">3917262</marc:subfield>
      </marc:datafield>
      <marc:datafield tag="990" ind1=" " ind2=" ">
         <marc:subfield code="m">Non-PubAg articles</marc:subfield>
      </marc:datafield>
   </marc:record>