
   <marc:record>
      <marc:leader>04226nab a2200625 u 4500</marc:leader>
      <marc:controlfield tag="001">9915999601707426</marc:controlfield>
      <marc:controlfield tag="005">20221122140125.0</marc:controlfield>
      <marc:controlfield tag="008">220811e201901 xx |||||o|||||||||||eng||</marc:controlfield>
      <marc:datafield tag="016" ind1="7" ind2=" ">
         <marc:subfield code="a">IND607880721</marc:subfield>
         <marc:subfield code="2">DNAL</marc:subfield>
      </marc:datafield>
      <marc:datafield tag="024" ind1="7" ind2=" ">
         <marc:subfield code="a">10.1029/2018WR023549</marc:subfield>
         <marc:subfield code="2">doi</marc:subfield>
      </marc:datafield>
      <marc:datafield tag="035" ind1=" " ind2=" ">
         <marc:subfield code="a">agid:7880721-01nal_inst</marc:subfield>
      </marc:datafield>
      <marc:datafield tag="040" ind1=" " ind2=" ">
         <marc:subfield code="a">AGL</marc:subfield>
         <marc:subfield code="b">eng</marc:subfield>
         <marc:subfield code="c">AGL</marc:subfield>
      </marc:datafield>
      <marc:datafield tag="100" ind1="1" ind2=" ">
         <marc:subfield code="a">Quesnel, Kimberly J.</marc:subfield>
         <marc:subfield code="e">author</marc:subfield>
         <marc:subfield code="u">Department of Civil and Environmental Engineering, Stanford University,
        Stanford, CA, USA</marc:subfield>
         <marc:subfield code="1">https://orcid.org/0000-0002-4933-4218</marc:subfield>
      </marc:datafield>
      <marc:datafield tag="245" ind1="1" ind2="0">
         <marc:subfield code="a">Large Landscape Urban Irrigation: A Data‐Driven Approach to Evaluate
        Conservation Behavior</marc:subfield>
      </marc:datafield>
      <marc:datafield tag="300" ind1=" " ind2=" ">
         <marc:subfield code="a">p. 771-786.</marc:subfield>
      </marc:datafield>
      <marc:datafield tag="500" ind1=" " ind2=" ">
         <marc:subfield code="a">JOURNAL ARTICLE</marc:subfield>
      </marc:datafield>
      <marc:datafield tag="520" ind1=" " ind2=" ">
         <marc:subfield code="a">Nonresidential irrigation is a unique and important yet understudied urban
        water sector. Knowing how urban irrigators use water is critical for projecting future
        demands, planning diverse supply portfolios, and designing conservation strategies. In this
        study, we developed a holistic, analytical approach to advance knowledge about the temporal
        and spatial dimensions of nonresidential outdoor water use, also known as large landscape
        irrigation. Our approach employed data from two forthcoming technologies: dedicated
        irrigation meters and smart meters (i.e., advanced metering infrastructure). We then applied
        our methodology to a case study city in the San Francisco Bay Area, California, from 2013 to
        2016 during a historic, high‐profile drought. Importantly, we uncovered behavioral
        differences between customers with potable versus recycled water connections and different
        subsectors of large landscape irrigation. Overall, conservation patterns mimicked those
        across California. Although they saved at lower rates, customers with recycled water
        followed similar conservation trends despite receiving no mandates. A weekly water use model
        revealed drivers of water demand, while spatial analyses showed hot and cold spots of
        conservation, with those in higher‐income areas conserving less as the drought progressed. A
        conditional inference tree partitioned diverse customers based on their conservation rates,
        identifying characteristics of customers who could provide the most savings in future
        droughts. As increasing water scarcity and population growth prompt water suppliers to
        optimize resources through supply diversification and demand‐side management, large
        landscape irrigation presents one avenue for achieving those goals.</marc:subfield>
      </marc:datafield>
      <marc:datafield tag="592" ind1=" " ind2=" ">
         <marc:subfield code="a">Publisher supplied data</marc:subfield>
      </marc:datafield>
      <marc:datafield tag="593" ind1=" " ind2=" ">
         <marc:subfield code="a">PubAg article</marc:subfield>
      </marc:datafield>
      <marc:datafield tag="596" ind1=" " ind2=" ">
         <marc:subfield code="a">EEC‐1028968</marc:subfield>
         <marc:subfield code="c">National Science Foundation (NSF)</marc:subfield>
      </marc:datafield>
      <marc:datafield tag="596" ind1=" " ind2=" ">
         <marc:subfield code="a">EEC‐1028968</marc:subfield>
         <marc:subfield code="c">National Science Foundation Engineering Research Center for Re‐inventing
        the Nation's Urban Water Infrastructure (ReNUWIt)</marc:subfield>
      </marc:datafield>
      <marc:datafield tag="596" ind1=" " ind2=" ">
         <marc:subfield code="a">FP‐91778101‐0</marc:subfield>
         <marc:subfield code="c">U.S. Environmental Protection Agency (EPA)</marc:subfield>
      </marc:datafield>
      <marc:datafield tag="650" ind1=" " ind2="3">
         <marc:subfield code="a">analytical methods</marc:subfield>
      </marc:datafield>
      <marc:datafield tag="650" ind1=" " ind2="3">
         <marc:subfield code="a">case studies</marc:subfield>
      </marc:datafield>
      <marc:datafield tag="650" ind1=" " ind2="3">
         <marc:subfield code="a">cold</marc:subfield>
      </marc:datafield>
      <marc:datafield tag="650" ind1=" " ind2="3">
         <marc:subfield code="a">drought</marc:subfield>
      </marc:datafield>
      <marc:datafield tag="650" ind1=" " ind2="3">
         <marc:subfield code="a">irrigation</marc:subfield>
      </marc:datafield>
      <marc:datafield tag="650" ind1=" " ind2="3">
         <marc:subfield code="a">landscapes</marc:subfield>
      </marc:datafield>
      <marc:datafield tag="650" ind1=" " ind2="3">
         <marc:subfield code="a">models</marc:subfield>
      </marc:datafield>
      <marc:datafield tag="650" ind1=" " ind2="3">
         <marc:subfield code="a">population growth</marc:subfield>
      </marc:datafield>
      <marc:datafield tag="650" ind1=" " ind2="3">
         <marc:subfield code="a">recycled water</marc:subfield>
      </marc:datafield>
      <marc:datafield tag="650" ind1=" " ind2="3">
         <marc:subfield code="a">research</marc:subfield>
      </marc:datafield>
      <marc:datafield tag="650" ind1=" " ind2="3">
         <marc:subfield code="a">water shortages</marc:subfield>
      </marc:datafield>
      <marc:datafield tag="650" ind1=" " ind2="3">
         <marc:subfield code="a">water utilities</marc:subfield>
      </marc:datafield>
      <marc:datafield tag="651" ind1=" " ind2="3">
         <marc:subfield code="a">California</marc:subfield>
      </marc:datafield>
      <marc:datafield tag="700" ind1="1" ind2=" ">
         <marc:subfield code="a">Ajami, Newsha K.</marc:subfield>
         <marc:subfield code="e">author</marc:subfield>
         <marc:subfield code="u">ReNUWIt Engineering Research Center, Stanford University, Stanford, CA,
        USA</marc:subfield>
         <marc:subfield code="1">https://orcid.org/0000-0003-4421-3764</marc:subfield>
      </marc:datafield>
      <marc:datafield tag="773" ind1="0" ind2=" ">
         <marc:subfield code="t">Water resources research.</marc:subfield>
         <marc:subfield code="g">2019 Jan., v. 55, no. 1 p.771-786</marc:subfield>
         <marc:subfield code="d">John Wiley &amp; Sons, Ltd</marc:subfield>
         <marc:subfield code="w">Journal:jnl46306</marc:subfield>
         <marc:subfield code="x">0043-1397</marc:subfield>
         <marc:subfield code="7">nnas</marc:subfield>
      </marc:datafield>
      <marc:datafield tag="787" ind1="1" ind2=" ">
         <marc:subfield code="o">islandora_article_repository</marc:subfield>
      </marc:datafield>
      <marc:datafield tag="787" ind1="1" ind2=" ">
         <marc:subfield code="o">product_pubag</marc:subfield>
      </marc:datafield>
      <marc:datafield tag="787" ind1="1" ind2=" ">
         <marc:subfield code="o">(Journal)jnl46306</marc:subfield>
      </marc:datafield>
      <marc:datafield tag="856" ind1="4" ind2="0">
         <marc:subfield code="u">https://dx.doi.org/10.1029/2018WR023549</marc:subfield>
         <marc:subfield code="3">Available from publisher's site</marc:subfield>
      </marc:datafield>
      <marc:datafield tag="912" ind1=" " ind2=" ">
         <marc:subfield code="a">Article</marc:subfield>
      </marc:datafield>
      <marc:datafield tag="914" ind1=" " ind2=" ">
         <marc:subfield code="a">Journal:jnl46306</marc:subfield>
         <marc:subfield code="b">0043-1397</marc:subfield>
         <marc:subfield code="c">55</marc:subfield>
         <marc:subfield code="d">1</marc:subfield>
         <marc:subfield code="e">771</marc:subfield>
      </marc:datafield>
      <marc:datafield tag="914" ind1=" " ind2=" ">
         <marc:subfield code="f">Water resources research</marc:subfield>
      </marc:datafield>
      <marc:datafield tag="917" ind1=" " ind2=" ">
         <marc:subfield code="a">issued</marc:subfield>
      </marc:datafield>
      <marc:datafield tag="918" ind1="2" ind2=" ">
         <marc:subfield code="a">John Wiley &amp; Sons, Inc</marc:subfield>
         <marc:subfield code="e">provider</marc:subfield>
         <marc:subfield code="5">DNAL</marc:subfield>
      </marc:datafield>
      <marc:datafield tag="935" ind1=" " ind2=" ">
         <marc:subfield code="a">IND607880721</marc:subfield>
         <marc:subfield code="9">ExL</marc:subfield>
      </marc:datafield>
      <marc:datafield tag="949" ind1=" " ind2=" ">
         <marc:subfield code="a">2022-08-11</marc:subfield>
      </marc:datafield>
      <marc:datafield tag="952" ind1=" " ind2=" ">
         <marc:subfield code="d">NAL-AP-2-clean</marc:subfield>
      </marc:datafield>
      <marc:datafield tag="953" ind1=" " ind2=" ">
         <marc:subfield code="a">/data/metadata/incoming/wiley/00431397_2019_55_1.xml</marc:subfield>
      </marc:datafield>
      <marc:datafield tag="954" ind1=" " ind2=" ">
         <marc:subfield code="a">file:/data/metadata/staging/wiley/00431397_2019_55_1.xml</marc:subfield>
      </marc:datafield>
      <marc:datafield tag="955" ind1=" " ind2=" ">
         <marc:subfield code="a">/data/metadata/staging/wiley/</marc:subfield>
      </marc:datafield>
      <marc:datafield tag="974" ind1=" " ind2=" ">
         <marc:subfield code="a">agid:7880721</marc:subfield>
      </marc:datafield>
      <marc:datafield tag="983" ind1=" " ind2=" ">
         <marc:subfield code="a">2022-08-11</marc:subfield>
      </marc:datafield>
      <marc:datafield tag="984" ind1=" " ind2=" ">
         <marc:subfield code="a">2022-08-11</marc:subfield>
      </marc:datafield>
   </marc:record>