
   <marc:record>
      <marc:leader>05008nab a2200673 u 4500</marc:leader>
      <marc:controlfield tag="001">9915999918507426</marc:controlfield>
      <marc:controlfield tag="005">20221121022154.0</marc:controlfield>
      <marc:controlfield tag="008">141025e201411 xx |||||o|||||||||||eng||</marc:controlfield>
      <marc:datafield tag="016" ind1="7" ind2=" ">
         <marc:subfield code="a">IND600824810</marc:subfield>
         <marc:subfield code="2">DNAL</marc:subfield>
      </marc:datafield>
      <marc:datafield tag="024" ind1="7" ind2=" ">
         <marc:subfield code="a">10.1111/1365-2745.12297</marc:subfield>
         <marc:subfield code="2">doi</marc:subfield>
      </marc:datafield>
      <marc:datafield tag="035" ind1=" " ind2=" ">
         <marc:subfield code="a">agid:824810-01nal_inst</marc:subfield>
      </marc:datafield>
      <marc:datafield tag="040" ind1=" " ind2=" ">
         <marc:subfield code="a">AGL</marc:subfield>
         <marc:subfield code="b">eng</marc:subfield>
         <marc:subfield code="c">AGL</marc:subfield>
      </marc:datafield>
      <marc:datafield tag="100" ind1="1" ind2=" ">
         <marc:subfield code="a">García, Cristina</marc:subfield>
         <marc:subfield code="e">author</marc:subfield>
         <marc:subfield code="u">Plant Biology, Centro de Investigação em Biodiversidade e Recursos
        Gene~ticos (CIBIO/InBio), Campus Agrário de Vairão, Rua Padre Armando Quintas, Vairão,
        4485‐661, Portugal</marc:subfield>
      </marc:datafield>
      <marc:datafield tag="245" ind1="1" ind2="0">
         <marc:subfield code="a">Long‐term expansion of juniper populations in managed landscapes: patterns
        in space and time</marc:subfield>
      </marc:datafield>
      <marc:datafield tag="300" ind1=" " ind2=" ">
         <marc:subfield code="a">p. 1562-1571.</marc:subfield>
      </marc:datafield>
      <marc:datafield tag="500" ind1=" " ind2=" ">
         <marc:subfield code="a">2019-12-06</marc:subfield>
      </marc:datafield>
      <marc:datafield tag="520" ind1=" " ind2=" ">
         <marc:subfield code="a">Forest cover has increased world‐wide over the last decade despite
        continuous forest fragmentation. However, a lack of long‐term demographic data hinders our
        understanding of the spatial dynamics of colonization in remnant populations inhabiting
        recently protected areas or set‐aside rural lands. We investigated the population expansion
        of the Phoenician juniper (Juniperus phoenicea subsp. turbinata), which is an endozoochorous
        Mediterranean tree species inhabiting landscapes that have been managed for many centuries.
        By combining the photointerpretation of aerial photos that have been taken over the last
        50 years with in situ sampling and spatial analyses of replicated plots, we estimated the
        population growth over the chronosequence; identified hotspots, coldspots and outliers of
        regeneration; and assessed the roles of key environmental factors in driving demographic
        expansion patterns, including elevation, initial density and distance to remnant forests.
        Ecological factors leading to seed limitation, such as initial plant density, are expected
        to drive colonization patterns at the early stages. Factors mediating the competition for
        limiting resources, such as water availability, would prevail at later stages of expansion.
        We further expect that nucleated colonization patterns emerge driven by vertebrate seed
        dispersal. The photointerpretation of aerial images in combination with in situ measurements
        has yielded reliable density data. Overall, our results show a marked demographic expansion
        during the first decade followed by a period of steady and heterogeneous population growth
        with signs of local population decline. We found evidence of nucleated establishment
        patterns as expected for an endozoochorous species. Hotspots and outliers of regeneration
        emerged throughout the study chronosequence, whereas coldspots of regeneration only appeared
        at advanced colonization stages. Factors influencing dispersal limitation had contrasting
        effects at different colonization stages, and the initial density influenced population
        growth at various spatial scales. Synthesis. The photointerpretation of aerial images shows
        that the influence of dispersal limitation versus factors mediating competitive responses
        changes throughout colonization stages. Whereas dispersal limitation is the main factor
        influencing colonization at early stages, competition for local resources controls
        population growth at later stages. Therefore, long‐term studies are required to capture the
        overall combined influence of key ecological factors in shaping long‐term spatial
        demographic trends.</marc:subfield>
      </marc:datafield>
      <marc:datafield tag="592" ind1=" " ind2=" ">
         <marc:subfield code="a">Publisher supplied data</marc:subfield>
      </marc:datafield>
      <marc:datafield tag="593" ind1=" " ind2=" ">
         <marc:subfield code="a">PubAg article</marc:subfield>
      </marc:datafield>
      <marc:datafield tag="650" ind1=" " ind2="3">
         <marc:subfield code="a">chronosequences</marc:subfield>
      </marc:datafield>
      <marc:datafield tag="650" ind1=" " ind2="3">
         <marc:subfield code="a">image interpretation</marc:subfield>
      </marc:datafield>
      <marc:datafield tag="650" ind1=" " ind2="3">
         <marc:subfield code="a">landscapes</marc:subfield>
      </marc:datafield>
      <marc:datafield tag="650" ind1=" " ind2="3">
         <marc:subfield code="a">seed dispersal</marc:subfield>
      </marc:datafield>
      <marc:datafield tag="650" ind1=" " ind2="3">
         <marc:subfield code="a">vertebrates</marc:subfield>
      </marc:datafield>
      <marc:datafield tag="650" ind1=" " ind2="3">
         <marc:subfield code="a">space and time</marc:subfield>
      </marc:datafield>
      <marc:datafield tag="650" ind1=" " ind2="3">
         <marc:subfield code="a">plant density</marc:subfield>
      </marc:datafield>
      <marc:datafield tag="650" ind1=" " ind2="3">
         <marc:subfield code="a">aerial photography</marc:subfield>
      </marc:datafield>
      <marc:datafield tag="650" ind1=" " ind2="3">
         <marc:subfield code="a">environmental factors</marc:subfield>
      </marc:datafield>
      <marc:datafield tag="650" ind1=" " ind2="3">
         <marc:subfield code="a">trees</marc:subfield>
      </marc:datafield>
      <marc:datafield tag="650" ind1=" " ind2="3">
         <marc:subfield code="a">population growth</marc:subfield>
      </marc:datafield>
      <marc:datafield tag="650" ind1=" " ind2="3">
         <marc:subfield code="a">habitat fragmentation</marc:subfield>
      </marc:datafield>
      <marc:datafield tag="650" ind1=" " ind2="3">
         <marc:subfield code="a">Juniperus phoenicea</marc:subfield>
      </marc:datafield>
      <marc:datafield tag="650" ind1=" " ind2="3">
         <marc:subfield code="a">conservation areas</marc:subfield>
      </marc:datafield>
      <marc:datafield tag="650" ind1=" " ind2="3">
         <marc:subfield code="a">forests</marc:subfield>
      </marc:datafield>
      <marc:datafield tag="653" ind1=" " ind2="0">
         <marc:subfield code="a">photographic interpretation</marc:subfield>
      </marc:datafield>
      <marc:datafield tag="700" ind1="1" ind2=" ">
         <marc:subfield code="a">Moracho, Eva</marc:subfield>
         <marc:subfield code="e">author</marc:subfield>
      </marc:datafield>
      <marc:datafield tag="700" ind1="1" ind2=" ">
         <marc:subfield code="a">Díaz‐Delgado, Ricardo</marc:subfield>
         <marc:subfield code="e">author</marc:subfield>
      </marc:datafield>
      <marc:datafield tag="700" ind1="1" ind2=" ">
         <marc:subfield code="a">Jordano, Pedro</marc:subfield>
         <marc:subfield code="e">author</marc:subfield>
      </marc:datafield>
      <marc:datafield tag="700" ind1="1" ind2=" ">
         <marc:subfield code="a">Matlack, Glenn</marc:subfield>
         <marc:subfield code="e">author</marc:subfield>
      </marc:datafield>
      <marc:datafield tag="773" ind1="0" ind2=" ">
         <marc:subfield code="t">journal of ecology.</marc:subfield>
         <marc:subfield code="g">2014 Nov., v. 102, no. 6 p.1562-1571</marc:subfield>
         <marc:subfield code="d">Blackwell Scientific Publ.</marc:subfield>
         <marc:subfield code="x">0022-0477</marc:subfield>
         <marc:subfield code="7">nnas</marc:subfield>
      </marc:datafield>
      <marc:datafield tag="787" ind1="1" ind2=" ">
         <marc:subfield code="o">islandora_article_repository</marc:subfield>
      </marc:datafield>
      <marc:datafield tag="787" ind1="1" ind2=" ">
         <marc:subfield code="o">product_pubag</marc:subfield>
      </marc:datafield>
      <marc:datafield tag="787" ind1="1" ind2=" ">
         <marc:subfield code="o">(Journal)jnl44660</marc:subfield>
      </marc:datafield>
      <marc:datafield tag="856" ind1="4" ind2="0">
         <marc:subfield code="u">http://dx.doi.org/10.1111/1365-2745.12297</marc:subfield>
         <marc:subfield code="3">Available from publisher's site</marc:subfield>
      </marc:datafield>
      <marc:datafield tag="912" ind1=" " ind2=" ">
         <marc:subfield code="a">Article</marc:subfield>
      </marc:datafield>
      <marc:datafield tag="914" ind1=" " ind2=" ">
         <marc:subfield code="a">Journal:jnl44660</marc:subfield>
         <marc:subfield code="b">0022-0477</marc:subfield>
         <marc:subfield code="c">102</marc:subfield>
         <marc:subfield code="d">6</marc:subfield>
         <marc:subfield code="e">1562</marc:subfield>
      </marc:datafield>
      <marc:datafield tag="914" ind1=" " ind2=" ">
         <marc:subfield code="f">journal of ecology</marc:subfield>
      </marc:datafield>
      <marc:datafield tag="916" ind1=" " ind2=" ">
         <marc:subfield code="a">Batch:787</marc:subfield>
      </marc:datafield>
      <marc:datafield tag="917" ind1=" " ind2=" ">
         <marc:subfield code="a">issued</marc:subfield>
      </marc:datafield>
      <marc:datafield tag="918" ind1="2" ind2=" ">
         <marc:subfield code="a">John Wiley &amp; Sons, Inc</marc:subfield>
         <marc:subfield code="e">provider</marc:subfield>
         <marc:subfield code="5">DNAL</marc:subfield>
      </marc:datafield>
      <marc:datafield tag="935" ind1=" " ind2=" ">
         <marc:subfield code="a">IND600824810</marc:subfield>
         <marc:subfield code="9">ExL</marc:subfield>
      </marc:datafield>
      <marc:datafield tag="949" ind1=" " ind2=" ">
         <marc:subfield code="a">2015-02-13</marc:subfield>
      </marc:datafield>
      <marc:datafield tag="953" ind1=" " ind2=" ">
         <marc:subfield code="a">00220477_2014_102_6.xml</marc:subfield>
      </marc:datafield>
      <marc:datafield tag="962" ind1=" " ind2=" ">
         <marc:subfield code="a">Batch:787 annotated on 2015-01-29T20:10:48Z</marc:subfield>
      </marc:datafield>
      <marc:datafield tag="962" ind1=" " ind2=" ">
         <marc:subfield code="a">Batch:787 reviewed on 2015-02-13T04:00:03Z</marc:subfield>
      </marc:datafield>
      <marc:datafield tag="962" ind1=" " ind2=" ">
         <marc:subfield code="a">Batch:787 reviewed on 2015-02-13T11:00:07Z</marc:subfield>
      </marc:datafield>
      <marc:datafield tag="974" ind1=" " ind2=" ">
         <marc:subfield code="a">agid:824810</marc:subfield>
      </marc:datafield>
      <marc:datafield tag="983" ind1=" " ind2=" ">
         <marc:subfield code="a">2014-10-25</marc:subfield>
      </marc:datafield>
      <marc:datafield tag="984" ind1=" " ind2=" ">
         <marc:subfield code="a">2015-02-13</marc:subfield>
      </marc:datafield>
   </marc:record>