
   <marc:record>
      <marc:leader>04311nab a2200589 u 4500</marc:leader>
      <marc:controlfield tag="001">9915999925007426</marc:controlfield>
      <marc:controlfield tag="005">20221121022031.0</marc:controlfield>
      <marc:controlfield tag="008">141025e201411 xx |||||o|||||||||||eng||</marc:controlfield>
      <marc:datafield tag="016" ind1="7" ind2=" ">
         <marc:subfield code="a">IND600824819</marc:subfield>
         <marc:subfield code="2">DNAL</marc:subfield>
      </marc:datafield>
      <marc:datafield tag="024" ind1="7" ind2=" ">
         <marc:subfield code="a">10.1111/1365-2745.12321</marc:subfield>
         <marc:subfield code="2">doi</marc:subfield>
      </marc:datafield>
      <marc:datafield tag="035" ind1=" " ind2=" ">
         <marc:subfield code="a">agid:824819-01nal_inst</marc:subfield>
      </marc:datafield>
      <marc:datafield tag="040" ind1=" " ind2=" ">
         <marc:subfield code="a">AGL</marc:subfield>
         <marc:subfield code="b">eng</marc:subfield>
         <marc:subfield code="c">AGL</marc:subfield>
      </marc:datafield>
      <marc:datafield tag="100" ind1="1" ind2=" ">
         <marc:subfield code="a">Abades, Sebastián R.</marc:subfield>
         <marc:subfield code="e">author</marc:subfield>
         <marc:subfield code="u">Departamento de Ecología, Facultad de Ciencias Biológicas, Pontificia
        Universidad Católica de Chile, Alameda 340, C.P. 8331150, Santiago, Chile; Instituto de
        Ecología y Biodiversidad (IEB), Casilla 653, Santiago, Chile; Laboratorio Internacional en
        Cambio Global (LINCGlobal), Pontificia Universidad Católica de Chile, Alameda 340, Santiago,
        Chile</marc:subfield>
      </marc:datafield>
      <marc:datafield tag="245" ind1="1" ind2="0">
         <marc:subfield code="a">Fire, percolation thresholds and the savanna forest transition: a neutral
        model approach</marc:subfield>
      </marc:datafield>
      <marc:datafield tag="300" ind1=" " ind2=" ">
         <marc:subfield code="a">p. 1386-1393.</marc:subfield>
      </marc:datafield>
      <marc:datafield tag="520" ind1=" " ind2=" ">
         <marc:subfield code="a">Recent empirical and theoretical analyses have suggested that biomes could
        correspond to alternative equilibrium states; one such example is the transition between
        forest, savanna and treeless states. Fire supposes to be a key functional component of
        savanna ecosystems and is a powerful predictor of tree cover that can differentiate between
        forest and savanna ecosystems. Interestingly, empirical evidence suggests that fire
        occurrence drops at a threshold tree cover near 40%. Since savannas are ecosystems
        characterized by a discontinuous tree canopy cover immersed in a continuous grass layer a
        40% of tree cover implies around 60% cover of grasses, which are the flammable component of
        this ecosystem. In this article, we hypothesize that the observed common pattern of 40% tree
        cover versus 60% in grass cover often reported for savanna ecosystems is the outcome of a
        spatial phase transition associated with the existence of a critical percolation threshold
        for fire spread. To test this hypothesis, we developed a spatially explicit neutral
        metacommunity model to explore the relationship between species cover and the emergence of
        percolation patterns. The model is intended to emulate savanna dynamics under neutrality
        assumptions. Using a statistical mechanical approach, we show that a second‐order phase
        transition behaviour is observed for the probability that a grass species develops a
        percolating cluster. Using a simple finite size scaling analysis, the percolation threshold
        pc for our model was estimated to be in the range of 0.53–0.62. Synthesis. Our results point
        out that the emergence of a spatial phase transition associated with percolation is a robust
        result of neutral metacommunity dynamics with a critical threshold of space occupancy close
        to pc ˜ 0.6, which supports our hypothesis that the empirically observed 40% tree cover (60%
        grass cover) is associated with a percolation threshold for C₄ grasses that in turn imply
        the existence of a spatially connected or spanning cluster of grass cover over which fire
        can spread.</marc:subfield>
      </marc:datafield>
      <marc:datafield tag="592" ind1=" " ind2=" ">
         <marc:subfield code="a">Publisher supplied data</marc:subfield>
      </marc:datafield>
      <marc:datafield tag="593" ind1=" " ind2=" ">
         <marc:subfield code="a">PubAg article</marc:subfield>
      </marc:datafield>
      <marc:datafield tag="650" ind1=" " ind2="3">
         <marc:subfield code="a">C4 plants</marc:subfield>
      </marc:datafield>
      <marc:datafield tag="650" ind1=" " ind2="3">
         <marc:subfield code="a">canopy</marc:subfield>
      </marc:datafield>
      <marc:datafield tag="650" ind1=" " ind2="3">
         <marc:subfield code="a">ecosystems</marc:subfield>
      </marc:datafield>
      <marc:datafield tag="650" ind1=" " ind2="3">
         <marc:subfield code="a">fire spread</marc:subfield>
      </marc:datafield>
      <marc:datafield tag="650" ind1=" " ind2="3">
         <marc:subfield code="a">forests</marc:subfield>
      </marc:datafield>
      <marc:datafield tag="650" ind1=" " ind2="3">
         <marc:subfield code="a">grasses</marc:subfield>
      </marc:datafield>
      <marc:datafield tag="650" ind1=" " ind2="3">
         <marc:subfield code="a">models</marc:subfield>
      </marc:datafield>
      <marc:datafield tag="650" ind1=" " ind2="3">
         <marc:subfield code="a">phase transition</marc:subfield>
      </marc:datafield>
      <marc:datafield tag="650" ind1=" " ind2="3">
         <marc:subfield code="a">probability</marc:subfield>
      </marc:datafield>
      <marc:datafield tag="650" ind1=" " ind2="3">
         <marc:subfield code="a">savannas</marc:subfield>
      </marc:datafield>
      <marc:datafield tag="650" ind1=" " ind2="3">
         <marc:subfield code="a">trees</marc:subfield>
      </marc:datafield>
      <marc:datafield tag="700" ind1="1" ind2=" ">
         <marc:subfield code="a">Gaxiola, Aurora</marc:subfield>
         <marc:subfield code="e">author</marc:subfield>
      </marc:datafield>
      <marc:datafield tag="700" ind1="1" ind2=" ">
         <marc:subfield code="a">Marquet, Pablo A.</marc:subfield>
         <marc:subfield code="e">author</marc:subfield>
      </marc:datafield>
      <marc:datafield tag="700" ind1="1" ind2=" ">
         <marc:subfield code="a">Sala, Osvaldo</marc:subfield>
         <marc:subfield code="e">author</marc:subfield>
      </marc:datafield>
      <marc:datafield tag="773" ind1="0" ind2=" ">
         <marc:subfield code="t">journal of ecology.</marc:subfield>
         <marc:subfield code="g">2014 Nov., v. 102, no. 6 p.1386-1393</marc:subfield>
         <marc:subfield code="d">Blackwell Scientific Publ.</marc:subfield>
         <marc:subfield code="x">0022-0477</marc:subfield>
         <marc:subfield code="7">nnas</marc:subfield>
      </marc:datafield>
      <marc:datafield tag="787" ind1="1" ind2=" ">
         <marc:subfield code="o">islandora_article_repository</marc:subfield>
      </marc:datafield>
      <marc:datafield tag="787" ind1="1" ind2=" ">
         <marc:subfield code="o">product_pubag</marc:subfield>
      </marc:datafield>
      <marc:datafield tag="787" ind1="1" ind2=" ">
         <marc:subfield code="o">(Journal)jnl44660</marc:subfield>
      </marc:datafield>
      <marc:datafield tag="856" ind1="4" ind2="0">
         <marc:subfield code="u">http://dx.doi.org/10.1111/1365-2745.12321</marc:subfield>
         <marc:subfield code="3">Available from publisher's site</marc:subfield>
      </marc:datafield>
      <marc:datafield tag="912" ind1=" " ind2=" ">
         <marc:subfield code="a">Article</marc:subfield>
      </marc:datafield>
      <marc:datafield tag="914" ind1=" " ind2=" ">
         <marc:subfield code="a">Journal:jnl44660</marc:subfield>
         <marc:subfield code="b">0022-0477</marc:subfield>
         <marc:subfield code="c">102</marc:subfield>
         <marc:subfield code="d">6</marc:subfield>
         <marc:subfield code="e">1386</marc:subfield>
      </marc:datafield>
      <marc:datafield tag="914" ind1=" " ind2=" ">
         <marc:subfield code="f">journal of ecology</marc:subfield>
      </marc:datafield>
      <marc:datafield tag="916" ind1=" " ind2=" ">
         <marc:subfield code="a">Batch:787</marc:subfield>
      </marc:datafield>
      <marc:datafield tag="917" ind1=" " ind2=" ">
         <marc:subfield code="a">issued</marc:subfield>
      </marc:datafield>
      <marc:datafield tag="918" ind1="2" ind2=" ">
         <marc:subfield code="a">John Wiley &amp; Sons, Inc</marc:subfield>
         <marc:subfield code="e">provider</marc:subfield>
         <marc:subfield code="5">DNAL</marc:subfield>
      </marc:datafield>
      <marc:datafield tag="935" ind1=" " ind2=" ">
         <marc:subfield code="a">IND600824819</marc:subfield>
         <marc:subfield code="9">ExL</marc:subfield>
      </marc:datafield>
      <marc:datafield tag="949" ind1=" " ind2=" ">
         <marc:subfield code="a">2015-02-13</marc:subfield>
      </marc:datafield>
      <marc:datafield tag="953" ind1=" " ind2=" ">
         <marc:subfield code="a">00220477_2014_102_6.xml</marc:subfield>
      </marc:datafield>
      <marc:datafield tag="962" ind1=" " ind2=" ">
         <marc:subfield code="a">Batch:787 annotated on 2015-01-29T20:10:48Z</marc:subfield>
      </marc:datafield>
      <marc:datafield tag="962" ind1=" " ind2=" ">
         <marc:subfield code="a">Batch:787 reviewed on 2015-02-13T04:00:03Z</marc:subfield>
      </marc:datafield>
      <marc:datafield tag="962" ind1=" " ind2=" ">
         <marc:subfield code="a">Batch:787 reviewed on 2015-02-13T11:00:07Z</marc:subfield>
      </marc:datafield>
      <marc:datafield tag="974" ind1=" " ind2=" ">
         <marc:subfield code="a">agid:824819</marc:subfield>
      </marc:datafield>
      <marc:datafield tag="983" ind1=" " ind2=" ">
         <marc:subfield code="a">2014-10-25</marc:subfield>
      </marc:datafield>
      <marc:datafield tag="984" ind1=" " ind2=" ">
         <marc:subfield code="a">2015-02-13</marc:subfield>
      </marc:datafield>
   </marc:record>