
   <marc:record>
      <marc:leader>06144nab a2201069 u 4500</marc:leader>
      <marc:controlfield tag="001">9916000046007426</marc:controlfield>
      <marc:controlfield tag="005">20221122023356.0</marc:controlfield>
      <marc:controlfield tag="008">141124e201209 xx |||||o|||||||||||eng||</marc:controlfield>
      <marc:datafield tag="016" ind1="7" ind2=" ">
         <marc:subfield code="a">IND601149435</marc:subfield>
         <marc:subfield code="2">DNAL</marc:subfield>
      </marc:datafield>
      <marc:datafield tag="024" ind1="7" ind2=" ">
         <marc:subfield code="a">22912370</marc:subfield>
         <marc:subfield code="2">pmid</marc:subfield>
      </marc:datafield>
      <marc:datafield tag="024" ind1="7" ind2=" ">
         <marc:subfield code="a">10.3732/ajb.1200147</marc:subfield>
         <marc:subfield code="2">doi</marc:subfield>
      </marc:datafield>
      <marc:datafield tag="035" ind1=" " ind2=" ">
         <marc:subfield code="a">agid:1149435-01nal_inst</marc:subfield>
      </marc:datafield>
      <marc:datafield tag="040" ind1=" " ind2=" ">
         <marc:subfield code="a">AGL</marc:subfield>
         <marc:subfield code="b">eng</marc:subfield>
         <marc:subfield code="c">AGL</marc:subfield>
      </marc:datafield>
      <marc:datafield tag="100" ind1="1" ind2=" ">
         <marc:subfield code="a">Daïnou, Kasso</marc:subfield>
         <marc:subfield code="e">author</marc:subfield>
         <marc:subfield code="u">Laboratory of Tropical and Subtropical Forestry, Unit of Forest and Nature
        Management, GxABT, University of Liege, 2 Passage des déportés, 5030 Gembloux, Belgium
      </marc:subfield>
      </marc:datafield>
      <marc:datafield tag="245" ind1="1" ind2="0">
         <marc:subfield code="a">Phenological patterns in a natural population of a tropical timber tree
        species, Milicia excelsa (Moraceae): Evidence of isolation by time and its interaction with
        feeding strategies of dispersers</marc:subfield>
      </marc:datafield>
      <marc:datafield tag="300" ind1=" " ind2=" ">
         <marc:subfield code="a">p. 1453-1463.</marc:subfield>
      </marc:datafield>
      <marc:datafield tag="520" ind1=" " ind2=" ">
         <marc:subfield code="a">• Premise of the study: Population genetic structuring over limited
        timescales is commonly viewed as a consequence of spatial constraints. Indirect approaches
        have recently revealed reproductive isolation resulting from flowering time (so-called
        isolation by time, IBT). Since phenological processes can be subject to selection, the
        persistence of flowering asynchrony may be due to opposing selective pressures during
        mating, dispersal, and regeneration phases. Our study aimed to investigate phenology, fruit
        handling by animals, and their interaction in a timber tree species, Milicia excelsa.•
        Methods: We analyzed phenological data collected over 6 years on 69 genotyped trees in a
        Cameroonian natural rainforest complemented by data from germination trials and field
        observations of dispersers.• Key results: Initiation of flowering was correlated with
        variation in temperature and relative humidity, but was also affected by genetic factors:
        pairwise differences in flowering time between nearby individuals correlated with kinship
        coefficient, and earliness of flowering remained stable over time. A decrease in mean seed
        production per fruit with increasing flowering time suggests selection against late
        bloomers. However, germination rate was not affected by seed collection date, and the main
        seed disperser, the bat Eidolon helvum, seemed to increase in abundance at the end of the
        reproductive season and preferred trees in open habitats where early and late bloomers are
        expected.• Conclusions: The pairwise approach performs well in detecting IBT. The
        persistence of different mating pools in such a case may result from a trade off between
        selective forces during the mating and seed dispersal processes.</marc:subfield>
      </marc:datafield>
      <marc:datafield tag="592" ind1=" " ind2=" ">
         <marc:subfield code="a">Publisher supplied data</marc:subfield>
      </marc:datafield>
      <marc:datafield tag="593" ind1=" " ind2=" ">
         <marc:subfield code="a">PubAg article</marc:subfield>
      </marc:datafield>
      <marc:datafield tag="650" ind1=" " ind2="3">
         <marc:subfield code="a">Chiroptera</marc:subfield>
      </marc:datafield>
      <marc:datafield tag="650" ind1=" " ind2="3">
         <marc:subfield code="a">Milicia excelsa</marc:subfield>
      </marc:datafield>
      <marc:datafield tag="650" ind1=" " ind2="3">
         <marc:subfield code="a">animal handling</marc:subfield>
      </marc:datafield>
      <marc:datafield tag="650" ind1=" " ind2="3">
         <marc:subfield code="a">early development</marc:subfield>
      </marc:datafield>
      <marc:datafield tag="650" ind1=" " ind2="3">
         <marc:subfield code="a">field experimentation</marc:subfield>
      </marc:datafield>
      <marc:datafield tag="650" ind1=" " ind2="3">
         <marc:subfield code="a">flowering</marc:subfield>
      </marc:datafield>
      <marc:datafield tag="650" ind1=" " ind2="3">
         <marc:subfield code="a">forest trees</marc:subfield>
      </marc:datafield>
      <marc:datafield tag="650" ind1=" " ind2="3">
         <marc:subfield code="a">germination</marc:subfield>
      </marc:datafield>
      <marc:datafield tag="650" ind1=" " ind2="3">
         <marc:subfield code="a">habitats</marc:subfield>
      </marc:datafield>
      <marc:datafield tag="650" ind1=" " ind2="3">
         <marc:subfield code="a">kinship</marc:subfield>
      </marc:datafield>
      <marc:datafield tag="650" ind1=" " ind2="3">
         <marc:subfield code="a">phenology</marc:subfield>
      </marc:datafield>
      <marc:datafield tag="650" ind1=" " ind2="3">
         <marc:subfield code="a">rain forests</marc:subfield>
      </marc:datafield>
      <marc:datafield tag="650" ind1=" " ind2="3">
         <marc:subfield code="a">relative humidity</marc:subfield>
      </marc:datafield>
      <marc:datafield tag="650" ind1=" " ind2="3">
         <marc:subfield code="a">reproductive isolation</marc:subfield>
      </marc:datafield>
      <marc:datafield tag="650" ind1=" " ind2="3">
         <marc:subfield code="a">seed dispersal</marc:subfield>
      </marc:datafield>
      <marc:datafield tag="650" ind1=" " ind2="3">
         <marc:subfield code="a">temperature</marc:subfield>
      </marc:datafield>
      <marc:datafield tag="650" ind1=" " ind2="3">
         <marc:subfield code="a">tropical wood</marc:subfield>
      </marc:datafield>
      <marc:datafield tag="650" ind1=" " ind2="2">
         <marc:subfield code="a">Animals</marc:subfield>
      </marc:datafield>
      <marc:datafield tag="650" ind1=" " ind2="2">
         <marc:subfield code="a">Chiroptera</marc:subfield>
         <marc:subfield code="x">physiology</marc:subfield>
      </marc:datafield>
      <marc:datafield tag="650" ind1=" " ind2="2">
         <marc:subfield code="a">Ecosystem</marc:subfield>
      </marc:datafield>
      <marc:datafield tag="650" ind1=" " ind2="2">
         <marc:subfield code="a">Flowers</marc:subfield>
         <marc:subfield code="x">physiology</marc:subfield>
      </marc:datafield>
      <marc:datafield tag="650" ind1=" " ind2="2">
         <marc:subfield code="a">Fruit</marc:subfield>
         <marc:subfield code="x">physiology</marc:subfield>
      </marc:datafield>
      <marc:datafield tag="650" ind1=" " ind2="2">
         <marc:subfield code="a">Genetic Loci</marc:subfield>
         <marc:subfield code="x">genetics</marc:subfield>
      </marc:datafield>
      <marc:datafield tag="650" ind1=" " ind2="2">
         <marc:subfield code="a">Genetics, Population</marc:subfield>
      </marc:datafield>
      <marc:datafield tag="650" ind1=" " ind2="2">
         <marc:subfield code="a">Geography</marc:subfield>
      </marc:datafield>
      <marc:datafield tag="650" ind1=" " ind2="2">
         <marc:subfield code="a">Germination</marc:subfield>
         <marc:subfield code="x">physiology</marc:subfield>
      </marc:datafield>
      <marc:datafield tag="650" ind1=" " ind2="2">
         <marc:subfield code="a">Microsatellite Repeats</marc:subfield>
         <marc:subfield code="x">genetics</marc:subfield>
      </marc:datafield>
      <marc:datafield tag="650" ind1=" " ind2="2">
         <marc:subfield code="a">Moraceae</marc:subfield>
         <marc:subfield code="x">genetics</marc:subfield>
         <marc:subfield code="x">physiology</marc:subfield>
      </marc:datafield>
      <marc:datafield tag="650" ind1=" " ind2="2">
         <marc:subfield code="a">Plant Leaves</marc:subfield>
         <marc:subfield code="x">physiology</marc:subfield>
      </marc:datafield>
      <marc:datafield tag="650" ind1=" " ind2="2">
         <marc:subfield code="a">Rain</marc:subfield>
      </marc:datafield>
      <marc:datafield tag="650" ind1=" " ind2="2">
         <marc:subfield code="a">Reproductive Isolation</marc:subfield>
      </marc:datafield>
      <marc:datafield tag="650" ind1=" " ind2="2">
         <marc:subfield code="a">Seasons</marc:subfield>
      </marc:datafield>
      <marc:datafield tag="650" ind1=" " ind2="2">
         <marc:subfield code="a">Seed Dispersal</marc:subfield>
         <marc:subfield code="x">physiology</marc:subfield>
      </marc:datafield>
      <marc:datafield tag="650" ind1=" " ind2="2">
         <marc:subfield code="a">Seeds</marc:subfield>
         <marc:subfield code="x">growth &amp; development</marc:subfield>
      </marc:datafield>
      <marc:datafield tag="650" ind1=" " ind2="2">
         <marc:subfield code="a">Time Factors</marc:subfield>
      </marc:datafield>
      <marc:datafield tag="650" ind1=" " ind2="2">
         <marc:subfield code="a">Trees</marc:subfield>
         <marc:subfield code="x">genetics</marc:subfield>
         <marc:subfield code="x">physiology</marc:subfield>
      </marc:datafield>
      <marc:datafield tag="650" ind1=" " ind2="2">
         <marc:subfield code="a">Tropical Climate</marc:subfield>
      </marc:datafield>
      <marc:datafield tag="651" ind1=" " ind2="0">
         <marc:subfield code="a">Cameroon</marc:subfield>
      </marc:datafield>
      <marc:datafield tag="653" ind1=" " ind2="0">
         <marc:subfield code="a">feeding behavior</marc:subfield>
      </marc:datafield>
      <marc:datafield tag="653" ind1=" " ind2="0">
         <marc:subfield code="a">flowering phenology</marc:subfield>
      </marc:datafield>
      <marc:datafield tag="653" ind1=" " ind2="0">
         <marc:subfield code="a">flowering synchrony</marc:subfield>
      </marc:datafield>
      <marc:datafield tag="653" ind1=" " ind2="0">
         <marc:subfield code="a">germination</marc:subfield>
      </marc:datafield>
      <marc:datafield tag="653" ind1=" " ind2="0">
         <marc:subfield code="a">isolation by time</marc:subfield>
      </marc:datafield>
      <marc:datafield tag="653" ind1=" " ind2="0">
         <marc:subfield code="a">Milicia excelsa</marc:subfield>
      </marc:datafield>
      <marc:datafield tag="653" ind1=" " ind2="0">
         <marc:subfield code="a">Moraceae</marc:subfield>
      </marc:datafield>
      <marc:datafield tag="653" ind1=" " ind2="0">
         <marc:subfield code="a">reproductive isolation</marc:subfield>
      </marc:datafield>
      <marc:datafield tag="653" ind1=" " ind2="0">
         <marc:subfield code="a">reproductive success</marc:subfield>
      </marc:datafield>
      <marc:datafield tag="653" ind1=" " ind2="0">
         <marc:subfield code="a">tropical rainforest</marc:subfield>
      </marc:datafield>
      <marc:datafield tag="700" ind1="1" ind2=" ">
         <marc:subfield code="a">Laurenty, Eric</marc:subfield>
         <marc:subfield code="e">author</marc:subfield>
         <marc:subfield code="u">Laboratory of Tropical and Subtropical Forestry, Unit of Forest and Nature
        Management, GxABT, University of Liege, 2 Passage des déportés, 5030 Gembloux, Belgium
      </marc:subfield>
      </marc:datafield>
      <marc:datafield tag="700" ind1="1" ind2=" ">
         <marc:subfield code="a">Mahy, Grégory</marc:subfield>
         <marc:subfield code="e">author</marc:subfield>
         <marc:subfield code="u">Biodiversity and Landscape Unit, GxABT, University of Liege, 2 Passage des
        déportés, 5030 Gembloux, Belgium </marc:subfield>
      </marc:datafield>
      <marc:datafield tag="700" ind1="1" ind2=" ">
         <marc:subfield code="a">Hardy, Olivier J.</marc:subfield>
         <marc:subfield code="e">author</marc:subfield>
         <marc:subfield code="u">Evolutionary Biology and Ecology—CP 160/12, Faculté des Sciences,
        Université Libre de Bruxelles, 50 Av. F. Roosevelt, 1050 Brussels, Belgium </marc:subfield>
      </marc:datafield>
      <marc:datafield tag="700" ind1="1" ind2=" ">
         <marc:subfield code="a">Brostaux, Yves</marc:subfield>
         <marc:subfield code="e">author</marc:subfield>
         <marc:subfield code="u">Unit of Applied Statistics, Computer Sciences and Mathematics; GxABT,
        University of Liege, 2 Passage des déportés, 5030 Gembloux, Belgium </marc:subfield>
      </marc:datafield>
      <marc:datafield tag="700" ind1="1" ind2=" ">
         <marc:subfield code="a">Tagg, Nikki</marc:subfield>
         <marc:subfield code="e">author</marc:subfield>
         <marc:subfield code="u">Centre for Research and Conservation of the Royal Zoological Society of
        Antwerp, 26 Koningin Astridplein, 2018 Antwerpen, Belgium </marc:subfield>
      </marc:datafield>
      <marc:datafield tag="700" ind1="1" ind2=" ">
         <marc:subfield code="a">Doucet, Jean-Louis</marc:subfield>
         <marc:subfield code="e">author</marc:subfield>
         <marc:subfield code="u">Laboratory of Tropical and Subtropical Forestry, Unit of Forest and Nature
        Management, GxABT, University of Liege, 2 Passage des déportés, 5030 Gembloux, Belgium
      </marc:subfield>
      </marc:datafield>
      <marc:datafield tag="773" ind1="0" ind2=" ">
         <marc:subfield code="t">American journal of botany.</marc:subfield>
         <marc:subfield code="g">2012 Sept., v. 99, no. 9 p.1453-1463</marc:subfield>
         <marc:subfield code="d">Botanical Society of America</marc:subfield>
         <marc:subfield code="x">0002-9122</marc:subfield>
         <marc:subfield code="7">nnas</marc:subfield>
      </marc:datafield>
      <marc:datafield tag="787" ind1="1" ind2=" ">
         <marc:subfield code="o">islandora_article_repository</marc:subfield>
      </marc:datafield>
      <marc:datafield tag="787" ind1="1" ind2=" ">
         <marc:subfield code="o">product_pubag</marc:subfield>
      </marc:datafield>
      <marc:datafield tag="787" ind1="1" ind2=" ">
         <marc:subfield code="o">(Journal)jnl44651</marc:subfield>
      </marc:datafield>
      <marc:datafield tag="856" ind1="4" ind2="0">
         <marc:subfield code="u">http://dx.doi.org/10.3732/ajb.1200147</marc:subfield>
         <marc:subfield code="3">Available from publisher's site</marc:subfield>
      </marc:datafield>
      <marc:datafield tag="912" ind1=" " ind2=" ">
         <marc:subfield code="a">Article</marc:subfield>
      </marc:datafield>
      <marc:datafield tag="914" ind1=" " ind2=" ">
         <marc:subfield code="a">Journal:jnl44651</marc:subfield>
         <marc:subfield code="b">0002-9122</marc:subfield>
         <marc:subfield code="c">99</marc:subfield>
         <marc:subfield code="d">9</marc:subfield>
         <marc:subfield code="e">1453</marc:subfield>
      </marc:datafield>
      <marc:datafield tag="914" ind1=" " ind2=" ">
         <marc:subfield code="f">American journal of botany</marc:subfield>
      </marc:datafield>
      <marc:datafield tag="916" ind1=" " ind2=" ">
         <marc:subfield code="a">Batch:742</marc:subfield>
      </marc:datafield>
      <marc:datafield tag="917" ind1=" " ind2=" ">
         <marc:subfield code="a">issued</marc:subfield>
      </marc:datafield>
      <marc:datafield tag="918" ind1="2" ind2=" ">
         <marc:subfield code="a">HighWire Press</marc:subfield>
         <marc:subfield code="e">provider</marc:subfield>
         <marc:subfield code="5">DNAL</marc:subfield>
      </marc:datafield>
      <marc:datafield tag="935" ind1=" " ind2=" ">
         <marc:subfield code="a">IND601149435</marc:subfield>
         <marc:subfield code="9">ExL</marc:subfield>
      </marc:datafield>
      <marc:datafield tag="949" ind1=" " ind2=" ">
         <marc:subfield code="a">2015-01-07</marc:subfield>
      </marc:datafield>
      <marc:datafield tag="953" ind1=" " ind2=" ">
         <marc:subfield code="a">amjbot_99_9_nlmxml.tar.gz</marc:subfield>
      </marc:datafield>
      <marc:datafield tag="962" ind1=" " ind2=" ">
         <marc:subfield code="a">Batch:742 annotated on 2014-12-09T09:26:08Z</marc:subfield>
      </marc:datafield>
      <marc:datafield tag="962" ind1=" " ind2=" ">
         <marc:subfield code="a">Batch:742 reviewed on 2015-01-07T11:00:02Z</marc:subfield>
      </marc:datafield>
      <marc:datafield tag="974" ind1=" " ind2=" ">
         <marc:subfield code="a">agid:1149435</marc:subfield>
      </marc:datafield>
      <marc:datafield tag="983" ind1=" " ind2=" ">
         <marc:subfield code="a">2014-11-24</marc:subfield>
      </marc:datafield>
      <marc:datafield tag="984" ind1=" " ind2=" ">
         <marc:subfield code="a">2014-11-24</marc:subfield>
      </marc:datafield>
   </marc:record>