
   <marc:record>
      <marc:leader>04930nab a2200589 u 4500</marc:leader>
      <marc:controlfield tag="001">9916000853607426</marc:controlfield>
      <marc:controlfield tag="005">20221120114445.0</marc:controlfield>
      <marc:controlfield tag="008">120727e201203 xx |||||o|||||||||||eng||</marc:controlfield>
      <marc:datafield tag="016" ind1="7" ind2=" ">
         <marc:subfield code="a">IND44766086</marc:subfield>
         <marc:subfield code="2">DNAL</marc:subfield>
      </marc:datafield>
      <marc:datafield tag="024" ind1="7" ind2=" ">
         <marc:subfield code="a">10.1111/j.1365-2699.2011.02624.x</marc:subfield>
         <marc:subfield code="2">doi</marc:subfield>
      </marc:datafield>
      <marc:datafield tag="035" ind1=" " ind2=" ">
         <marc:subfield code="a">agid:467482-01nal_inst</marc:subfield>
      </marc:datafield>
      <marc:datafield tag="040" ind1=" " ind2=" ">
         <marc:subfield code="a">AGL</marc:subfield>
         <marc:subfield code="b">eng</marc:subfield>
         <marc:subfield code="c">AGL</marc:subfield>
      </marc:datafield>
      <marc:datafield tag="100" ind1="1" ind2=" ">
         <marc:subfield code="a">Almeida, Eduardo A. B.</marc:subfield>
         <marc:subfield code="e">author</marc:subfield>
         <marc:subfield code="u"> Departamento de Biologia, Faculdade de Filosofia, Ciências e Letras,
        Universidade de São Paulo, Ribeirão Preto, SP 14040‐901, Brazil Department of Entomology,
        Comstock Hall, Cornell University, Ithaca, NY 14853, USA Departamento de Zoologia,
        Universidade Federal do Paraná, Curitiba, PR 81531‐990, Brazil Department of Entomology,
        National Museum of Natural History, Smithsonian Institution, Washington, DC 20560,
        USA</marc:subfield>
      </marc:datafield>
      <marc:datafield tag="245" ind1="1" ind2="0">
         <marc:subfield code="a">Biogeography and diversification of colletid bees (Hymenoptera:
        Colletidae): emerging patterns from the southern end of the world</marc:subfield>
      </marc:datafield>
      <marc:datafield tag="300" ind1=" " ind2=" ">
         <marc:subfield code="a">p. 526-544.</marc:subfield>
      </marc:datafield>
      <marc:datafield tag="520" ind1=" " ind2=" ">
         <marc:subfield code="a">Aim The evolutionary history of bees is presumed to extend back in time to
        the Early Cretaceous. Among all major clades of bees, Colletidae has been a prime example of
        an ancient group whose Gondwanan origin probably precedes the complete break‐up of Africa,
        Antarctica, Australia and South America, because modern lineages of this family occur
        primarily in southern continents. In this paper, we aim to study the temporal and spatial
        diversification of colletid bees to better understand the processes that have resulted in
        the present southern disjunctions. Location Southern continents. Methods We assembled a
        dataset comprising four nuclear genes of a broad sample of Colletidae. We used Bayesian
        inference analyses to estimate the phylogenetic tree topology and divergence times.
        Biogeographical relationships were investigated using event‐based analytical methods: a
        Bayesian approach to dispersal–vicariance analysis, a likelihood‐based
        dispersal–extinction–cladogenesis model and a Bayesian model. We also used lineage through
        time analyses to explore the tempo of radiations of Colletidae and their context in the
        biogeographical history of these bees. Results Initial diversification of Colletidae took
        place at the Late Cretaceous (≥ 70 Ma). Several (6–14) lineage exchanges between Australia
        and South America via Antarctica during the Late Cretaceous and Eocene epochs could explain
        the disjunctions observed between colletid lineages today. All biogeographical methods
        consistently indicated that there were multiple lineage exchanges between South America and
        Australia, and these approaches were valuable in exploring the degree of uncertainty
        inherent in the ancestral reconstructions. Biogeographical and dating results preclude an
        explanation of Scrapterinae in Africa as a result of vicariance, so one dispersal event is
        assumed to explain the disjunction in relation to Euryglossinae. The net diversification
        rate was found to be highest in the recent history of colletid evolution. Main conclusions
        The biogeography and macroevolutionary history of colletid bees can be explained by a
        combination of Cenozoic vicariance and palaeoclimatic changes during the Neogene. The
        austral connection and posterior break‐up of South America, Antarctica and Australia
        resulted in a pattern of disjunct sister lineages. Increased biome aridification coupled
        with floristic diversification in the southern continents during the Neogene may have
        contributed to the high rates of cladogenesis in these bees in the last 25–30 million
        years.</marc:subfield>
      </marc:datafield>
      <marc:datafield tag="592" ind1=" " ind2=" ">
         <marc:subfield code="a">Publisher supplied data</marc:subfield>
      </marc:datafield>
      <marc:datafield tag="593" ind1=" " ind2=" ">
         <marc:subfield code="a">PubAg article</marc:subfield>
      </marc:datafield>
      <marc:datafield tag="650" ind1=" " ind2="3">
         <marc:subfield code="a">Colletidae</marc:subfield>
      </marc:datafield>
      <marc:datafield tag="650" ind1=" " ind2="3">
         <marc:subfield code="a">analytical methods</marc:subfield>
      </marc:datafield>
      <marc:datafield tag="650" ind1=" " ind2="3">
         <marc:subfield code="a">biogeography</marc:subfield>
      </marc:datafield>
      <marc:datafield tag="650" ind1=" " ind2="3">
         <marc:subfield code="a">data collection</marc:subfield>
      </marc:datafield>
      <marc:datafield tag="650" ind1=" " ind2="3">
         <marc:subfield code="a">ecosystems</marc:subfield>
      </marc:datafield>
      <marc:datafield tag="650" ind1=" " ind2="3">
         <marc:subfield code="a">genes</marc:subfield>
      </marc:datafield>
      <marc:datafield tag="650" ind1=" " ind2="3">
         <marc:subfield code="a">models</marc:subfield>
      </marc:datafield>
      <marc:datafield tag="650" ind1=" " ind2="3">
         <marc:subfield code="a">phylogeny</marc:subfield>
      </marc:datafield>
      <marc:datafield tag="650" ind1=" " ind2="3">
         <marc:subfield code="a">topology</marc:subfield>
      </marc:datafield>
      <marc:datafield tag="650" ind1=" " ind2="3">
         <marc:subfield code="a">uncertainty</marc:subfield>
      </marc:datafield>
      <marc:datafield tag="651" ind1=" " ind2="3">
         <marc:subfield code="a">Africa</marc:subfield>
      </marc:datafield>
      <marc:datafield tag="651" ind1=" " ind2="3">
         <marc:subfield code="a">Antarctica</marc:subfield>
      </marc:datafield>
      <marc:datafield tag="651" ind1=" " ind2="3">
         <marc:subfield code="a">South America</marc:subfield>
      </marc:datafield>
      <marc:datafield tag="651" ind1=" " ind2="3">
         <marc:subfield code="a">South Australia</marc:subfield>
      </marc:datafield>
      <marc:datafield tag="700" ind1="1" ind2=" ">
         <marc:subfield code="a">Pie, Marcio R.</marc:subfield>
         <marc:subfield code="e">author</marc:subfield>
      </marc:datafield>
      <marc:datafield tag="700" ind1="1" ind2=" ">
         <marc:subfield code="a">Brady, Seán G.</marc:subfield>
         <marc:subfield code="e">author</marc:subfield>
      </marc:datafield>
      <marc:datafield tag="700" ind1="1" ind2=" ">
         <marc:subfield code="a">Danforth, Bryan N.</marc:subfield>
         <marc:subfield code="e">author</marc:subfield>
      </marc:datafield>
      <marc:datafield tag="773" ind1="0" ind2=" ">
         <marc:subfield code="t">Journal of biogeography.</marc:subfield>
         <marc:subfield code="g">2012 Mar., v. 39, no. 3 p.526-544</marc:subfield>
         <marc:subfield code="d">Blackwell Publishing Ltd</marc:subfield>
         <marc:subfield code="x">0305-0270</marc:subfield>
         <marc:subfield code="7">nnas</marc:subfield>
      </marc:datafield>
      <marc:datafield tag="787" ind1="1" ind2=" ">
         <marc:subfield code="o">islandora_article_repository</marc:subfield>
      </marc:datafield>
      <marc:datafield tag="787" ind1="1" ind2=" ">
         <marc:subfield code="o">product_pubag</marc:subfield>
      </marc:datafield>
      <marc:datafield tag="787" ind1="1" ind2=" ">
         <marc:subfield code="o">(Journal)jnl9765</marc:subfield>
      </marc:datafield>
      <marc:datafield tag="856" ind1="4" ind2="0">
         <marc:subfield code="u">http://dx.doi.org/10.1111/j.1365-2699.2011.02624.x</marc:subfield>
      </marc:datafield>
      <marc:datafield tag="912" ind1=" " ind2=" ">
         <marc:subfield code="a">Article</marc:subfield>
      </marc:datafield>
      <marc:datafield tag="914" ind1=" " ind2=" ">
         <marc:subfield code="a">Journal:jnl9765</marc:subfield>
         <marc:subfield code="c">39</marc:subfield>
         <marc:subfield code="d">3</marc:subfield>
         <marc:subfield code="e">526</marc:subfield>
      </marc:datafield>
      <marc:datafield tag="914" ind1=" " ind2=" ">
         <marc:subfield code="f">Journal of biogeography</marc:subfield>
      </marc:datafield>
      <marc:datafield tag="917" ind1=" " ind2=" ">
         <marc:subfield code="a">issued</marc:subfield>
      </marc:datafield>
      <marc:datafield tag="918" ind1="2" ind2=" ">
         <marc:subfield code="a">John Wiley &amp; Sons, Inc</marc:subfield>
         <marc:subfield code="e">provider</marc:subfield>
         <marc:subfield code="5">DNAL</marc:subfield>
      </marc:datafield>
      <marc:datafield tag="935" ind1=" " ind2=" ">
         <marc:subfield code="a">IND44766086</marc:subfield>
         <marc:subfield code="9">ExL</marc:subfield>
      </marc:datafield>
      <marc:datafield tag="949" ind1=" " ind2=" ">
         <marc:subfield code="a">2014-02-03</marc:subfield>
      </marc:datafield>
      <marc:datafield tag="951" ind1=" " ind2=" ">
         <marc:subfield code="a">2012-07-27</marc:subfield>
      </marc:datafield>
      <marc:datafield tag="953" ind1=" " ind2=" ">
         <marc:subfield code="a">03050270_2012_39_3.xml</marc:subfield>
      </marc:datafield>
      <marc:datafield tag="962" ind1=" " ind2=" ">
         <marc:subfield code="a">Batch:425 annotated on 2014-01-27T12:46:49Z</marc:subfield>
      </marc:datafield>
      <marc:datafield tag="962" ind1=" " ind2=" ">
         <marc:subfield code="a">Batch:425 reviewed on 2014-02-03T04:00:03Z</marc:subfield>
      </marc:datafield>
      <marc:datafield tag="974" ind1=" " ind2=" ">
         <marc:subfield code="a">agid:467482</marc:subfield>
      </marc:datafield>
   </marc:record>