
   <marc:record>
      <marc:leader>04959nab a2200733 u 4500</marc:leader>
      <marc:controlfield tag="001">9915875103007426</marc:controlfield>
      <marc:controlfield tag="005">20221119100457.0</marc:controlfield>
      <marc:controlfield tag="008">210316e20210102xx |||||o|||||||||||eng||</marc:controlfield>
      <marc:datafield tag="016" ind1="7" ind2=" ">
         <marc:subfield code="a">IND607310478</marc:subfield>
         <marc:subfield code="2">DNAL</marc:subfield>
      </marc:datafield>
      <marc:datafield tag="024" ind1="7" ind2=" ">
         <marc:subfield code="a">10.1080/01140671.2020.1865413</marc:subfield>
         <marc:subfield code="2">doi</marc:subfield>
      </marc:datafield>
      <marc:datafield tag="035" ind1=" " ind2=" ">
         <marc:subfield code="a">agid:7310478-01nal_inst</marc:subfield>
      </marc:datafield>
      <marc:datafield tag="040" ind1=" " ind2=" ">
         <marc:subfield code="a">AGL</marc:subfield>
         <marc:subfield code="b">eng</marc:subfield>
         <marc:subfield code="c">AGL</marc:subfield>
      </marc:datafield>
      <marc:datafield tag="100" ind1="1" ind2=" ">
         <marc:subfield code="a">Jiang, Guopeng</marc:subfield>
         <marc:subfield code="e">author</marc:subfield>
         <marc:subfield code="u">School of Agriculture and Environment, Massey University, Palmerston North,
        New Zealand</marc:subfield>
      </marc:datafield>
      <marc:datafield tag="245" ind1="1" ind2="0">
         <marc:subfield code="a">Predicting spatiotemporal yield variability to aid arable precision
        agriculture in New Zealand: a case study of maize-grain crop production in the Waikato
        region</marc:subfield>
      </marc:datafield>
      <marc:datafield tag="300" ind1=" " ind2=" ">
         <marc:subfield code="a">p. 41-62.</marc:subfield>
      </marc:datafield>
      <marc:datafield tag="500" ind1=" " ind2=" ">
         <marc:subfield code="a">NAL-AP-2-clean</marc:subfield>
      </marc:datafield>
      <marc:datafield tag="520" ind1=" " ind2=" ">
         <marc:subfield code="a">Precision agriculture manages within-field spatial variability by applying
        suitable inputs at the appropriate time, place, and amount. Delineation of field-specific
        management zones (MZs), representing significantly different yield potentials prescribe the
        rates of a specific crop inputs within-field. This paper examines multiple-year maize grain
        yield maps (2014, 2015, 2017 and 2018) and their spatial and temporal variability of
        within-field datasets (soil electrical conductivity [EC], soil organic matter [OM], and
        elevation) and climate data. The research was undertaken on a non-irrigated field at New
        Zealand’s Foundation for Arable Research (FAR) in the Waikato region, to provide a simple,
        heuristic method to delineate dynamic MZs for crop inputs. Supervised statistical learning
        models (stepwise multiple linear regression [SMLR], feedforward neural network (FFNN),
        classification and regression tree (CART), random forest (RF), extreme gradient boosting
        (XGBoost) and Cubist regression) were implemented to predict spatial yield. Prediction
        accuracies of the trained models were evaluated by withholding one subset of data for
        testing. For internal ‘split-sample' validation, CART, random forest and XGBoost produced
        slightly better statistical predictions (RMSE = 1.9–2.0 and R ² = 0.60–0.63) than Cubist and
        FFNN (RMSE = 2.1–2.2 and R ² = 0.52–0.57), whereas MLR produced the weakest prediction
        (RMSE = 2.3 and R ² = 0.51). Spatial yield prediction of individual years, were poor (R
        ² = 0.07–0.36). Input data used is readily and inexpensive for small arable fields in New
        Zealand. The methods presented, could be applied to a wider range of arable crops for
        within-field management inputs, to respond to spatially diverse soil texture distribution
        and variable rainfall patterns.</marc:subfield>
      </marc:datafield>
      <marc:datafield tag="536" ind1=" " ind2=" ">
         <marc:subfield code="a">This study was funded by the New Zealand Foundation for Arable Research
        [grant number 3000027776].</marc:subfield>
      </marc:datafield>
      <marc:datafield tag="592" ind1=" " ind2=" ">
         <marc:subfield code="a">Publisher supplied data</marc:subfield>
      </marc:datafield>
      <marc:datafield tag="593" ind1=" " ind2=" ">
         <marc:subfield code="a">PubAg article</marc:subfield>
      </marc:datafield>
      <marc:datafield tag="596" ind1=" " ind2=" ">
         <marc:subfield code="a">grant number 3000027776</marc:subfield>
      </marc:datafield>
      <marc:datafield tag="650" ind1=" " ind2="3">
         <marc:subfield code="a">case studies</marc:subfield>
      </marc:datafield>
      <marc:datafield tag="650" ind1=" " ind2="3">
         <marc:subfield code="a">corn</marc:subfield>
      </marc:datafield>
      <marc:datafield tag="650" ind1=" " ind2="3">
         <marc:subfield code="a">data collection</marc:subfield>
      </marc:datafield>
      <marc:datafield tag="650" ind1=" " ind2="3">
         <marc:subfield code="a">grain yield</marc:subfield>
      </marc:datafield>
      <marc:datafield tag="650" ind1=" " ind2="3">
         <marc:subfield code="a">horticulture</marc:subfield>
      </marc:datafield>
      <marc:datafield tag="650" ind1=" " ind2="3">
         <marc:subfield code="a">meteorological data</marc:subfield>
      </marc:datafield>
      <marc:datafield tag="650" ind1=" " ind2="3">
         <marc:subfield code="a">prediction</marc:subfield>
      </marc:datafield>
      <marc:datafield tag="650" ind1=" " ind2="3">
         <marc:subfield code="a">rain</marc:subfield>
      </marc:datafield>
      <marc:datafield tag="650" ind1=" " ind2="3">
         <marc:subfield code="a">regression analysis</marc:subfield>
      </marc:datafield>
      <marc:datafield tag="650" ind1=" " ind2="3">
         <marc:subfield code="a">soil electrical conductivity</marc:subfield>
      </marc:datafield>
      <marc:datafield tag="650" ind1=" " ind2="3">
         <marc:subfield code="a">soil organic matter</marc:subfield>
      </marc:datafield>
      <marc:datafield tag="650" ind1=" " ind2="3">
         <marc:subfield code="a">soil texture</marc:subfield>
      </marc:datafield>
      <marc:datafield tag="650" ind1=" " ind2="3">
         <marc:subfield code="a">temporal variation</marc:subfield>
      </marc:datafield>
      <marc:datafield tag="650" ind1=" " ind2="3">
         <marc:subfield code="a">yield forecasting</marc:subfield>
      </marc:datafield>
      <marc:datafield tag="651" ind1=" " ind2="3">
         <marc:subfield code="a">New Zealand</marc:subfield>
      </marc:datafield>
      <marc:datafield tag="653" ind1=" " ind2="0">
         <marc:subfield code="a">Precision farming</marc:subfield>
      </marc:datafield>
      <marc:datafield tag="653" ind1=" " ind2="0">
         <marc:subfield code="a">machine learning</marc:subfield>
      </marc:datafield>
      <marc:datafield tag="653" ind1=" " ind2="0">
         <marc:subfield code="a">maize</marc:subfield>
      </marc:datafield>
      <marc:datafield tag="653" ind1=" " ind2="0">
         <marc:subfield code="a">soil texture analysis</marc:subfield>
      </marc:datafield>
      <marc:datafield tag="653" ind1=" " ind2="0">
         <marc:subfield code="a">GIS</marc:subfield>
      </marc:datafield>
      <marc:datafield tag="700" ind1="1" ind2=" ">
         <marc:subfield code="a">Grafton, Miles</marc:subfield>
         <marc:subfield code="e">author</marc:subfield>
         <marc:subfield code="u">School of Agriculture and Environment, Massey University, Palmerston North,
        New Zealand</marc:subfield>
      </marc:datafield>
      <marc:datafield tag="700" ind1="1" ind2=" ">
         <marc:subfield code="a">Pearson, Diane</marc:subfield>
         <marc:subfield code="e">author</marc:subfield>
         <marc:subfield code="u">School of Agriculture and Environment, Massey University, Palmerston North,
        New Zealand</marc:subfield>
      </marc:datafield>
      <marc:datafield tag="700" ind1="1" ind2=" ">
         <marc:subfield code="a">Bretherton, Mike</marc:subfield>
         <marc:subfield code="e">author</marc:subfield>
         <marc:subfield code="u">School of Agriculture and Environment, Massey University, Palmerston North,
        New Zealand</marc:subfield>
      </marc:datafield>
      <marc:datafield tag="700" ind1="1" ind2=" ">
         <marc:subfield code="a">Holmes, Allister</marc:subfield>
         <marc:subfield code="e">author</marc:subfield>
         <marc:subfield code="u">Foundation for Arable Research, Christchurch, New Zealand</marc:subfield>
      </marc:datafield>
      <marc:datafield tag="773" ind1="0" ind2=" ">
         <marc:subfield code="t">New Zealand journal of crop and horticultural science.</marc:subfield>
         <marc:subfield code="g">2021 Jan. 02, v. 49, no. 1 p.41-62</marc:subfield>
         <marc:subfield code="d">Taylor &amp; Francis</marc:subfield>
         <marc:subfield code="w">Journal:J000000127</marc:subfield>
         <marc:subfield code="x">1175-8783</marc:subfield>
         <marc:subfield code="7">nnas</marc:subfield>
      </marc:datafield>
      <marc:datafield tag="787" ind1="1" ind2=" ">
         <marc:subfield code="o">islandora_article_repository</marc:subfield>
      </marc:datafield>
      <marc:datafield tag="787" ind1="1" ind2=" ">
         <marc:subfield code="o">product_pubag</marc:subfield>
      </marc:datafield>
      <marc:datafield tag="787" ind1="1" ind2=" ">
         <marc:subfield code="o">(Journal)J000000127</marc:subfield>
      </marc:datafield>
      <marc:datafield tag="856" ind1="4" ind2="0">
         <marc:subfield code="u">http://dx.doi.org/10.1080/01140671.2020.1865413</marc:subfield>
         <marc:subfield code="3">Available from publisher's site</marc:subfield>
      </marc:datafield>
      <marc:datafield tag="912" ind1=" " ind2=" ">
         <marc:subfield code="a">Article</marc:subfield>
      </marc:datafield>
      <marc:datafield tag="914" ind1=" " ind2=" ">
         <marc:subfield code="a">Journal:J000000127</marc:subfield>
         <marc:subfield code="b">1175-8783</marc:subfield>
         <marc:subfield code="c">49</marc:subfield>
         <marc:subfield code="d">1</marc:subfield>
         <marc:subfield code="e">41</marc:subfield>
      </marc:datafield>
      <marc:datafield tag="914" ind1=" " ind2=" ">
         <marc:subfield code="f">New Zealand journal of crop and horticultural science</marc:subfield>
      </marc:datafield>
      <marc:datafield tag="916" ind1=" " ind2=" ">
         <marc:subfield code="a">Batch:10074</marc:subfield>
      </marc:datafield>
      <marc:datafield tag="917" ind1=" " ind2=" ">
         <marc:subfield code="a">issued</marc:subfield>
      </marc:datafield>
      <marc:datafield tag="918" ind1="2" ind2=" ">
         <marc:subfield code="a">Taylor &amp; Francis Group</marc:subfield>
         <marc:subfield code="e">provider</marc:subfield>
         <marc:subfield code="5">DNAL</marc:subfield>
      </marc:datafield>
      <marc:datafield tag="935" ind1=" " ind2=" ">
         <marc:subfield code="a">IND607310478</marc:subfield>
         <marc:subfield code="9">ExL</marc:subfield>
      </marc:datafield>
      <marc:datafield tag="949" ind1=" " ind2=" ">
         <marc:subfield code="a">2021-05-25</marc:subfield>
      </marc:datafield>
      <marc:datafield tag="953" ind1=" " ind2=" ">
         <marc:subfield code="a">/data/metadata/incoming/taylorfrancis/tnzc20_tnzc20.v049.i01_20210316042627#24102615.zip</marc:subfield>
      </marc:datafield>
      <marc:datafield tag="954" ind1=" " ind2=" ">
         <marc:subfield code="a">file:/data/metadata/staging/taylorfrancis/01140671.2020.1865413.xml</marc:subfield>
      </marc:datafield>
      <marc:datafield tag="955" ind1=" " ind2=" ">
         <marc:subfield code="a">/data/metadata/staging/taylorfrancis/</marc:subfield>
      </marc:datafield>
      <marc:datafield tag="974" ind1=" " ind2=" ">
         <marc:subfield code="a">agid:7310478</marc:subfield>
      </marc:datafield>
      <marc:datafield tag="983" ind1=" " ind2=" ">
         <marc:subfield code="a">2021-03-16</marc:subfield>
      </marc:datafield>
      <marc:datafield tag="984" ind1=" " ind2=" ">
         <marc:subfield code="a">2021-05-25</marc:subfield>
      </marc:datafield>
   </marc:record>