
   <marc:record>
      <marc:leader>04074nab a2200697 u 4500</marc:leader>
      <marc:controlfield tag="001">9915877654107426</marc:controlfield>
      <marc:controlfield tag="005">20221119064440.0</marc:controlfield>
      <marc:controlfield tag="008">170103e20160928xx |||||o|||||||||||eng||</marc:controlfield>
      <marc:datafield tag="016" ind1="7" ind2=" ">
         <marc:subfield code="a">IND605601783</marc:subfield>
         <marc:subfield code="2">DNAL</marc:subfield>
      </marc:datafield>
      <marc:datafield tag="024" ind1="7" ind2=" ">
         <marc:subfield code="a">10.1139/cjfr-2016-0209</marc:subfield>
         <marc:subfield code="2">doi</marc:subfield>
      </marc:datafield>
      <marc:datafield tag="035" ind1=" " ind2=" ">
         <marc:subfield code="a">agid:5601783-01nal_inst</marc:subfield>
      </marc:datafield>
      <marc:datafield tag="040" ind1=" " ind2=" ">
         <marc:subfield code="a">AGL</marc:subfield>
         <marc:subfield code="b">eng</marc:subfield>
         <marc:subfield code="c">AGL</marc:subfield>
      </marc:datafield>
      <marc:datafield tag="100" ind1="1" ind2=" ">
         <marc:subfield code="a">Huang, Shengli</marc:subfield>
         <marc:subfield code="e">author</marc:subfield>
         <marc:subfield code="u">USDA Forest Service, Region 5, Remote Sensing Lab, 3237 Peacekeeper Way,
        Suite 201, McClellan, CA 95652, USA.</marc:subfield>
      </marc:datafield>
      <marc:datafield tag="245" ind1="1" ind2="0">
         <marc:subfield code="a">Mapping site index and volume increment from forest inventory, Landsat, and
        ecological variables in Tahoe National Forest, California, USA</marc:subfield>
      </marc:datafield>
      <marc:datafield tag="300" ind1=" " ind2=" ">
         <marc:subfield code="a">p. 113-124.</marc:subfield>
      </marc:datafield>
      <marc:datafield tag="520" ind1=" " ind2=" ">
         <marc:subfield code="a">High-resolution site index (SI) and mean annual increment (MAI) maps are
        desired for local forest management. We integrated field inventory, Landsat, and ecological
        variables to produce 30 m SI and MAI maps for the Tahoe National Forest (TNF) where
        different tree species coexist. We converted species-specific SI using adjustment factors.
        Then, the SI map was produced by (i) intensifying plots to expand the training sets to more
        climatic, topographic, soil, and forest reflective classes, (ii) using results from a
        stepwise regression to enable a weighted imputation that minimized the effects of outlier
        plots within classes, and (iii) local interpolation and strata median filling to assign
        values to pixels without direct imputations. The SI (reference age is 50 years) map had an
        R² of 0.7637, a root-mean-square error (RMSE) of 3.60, and a mean absolute error (MAE) of
        3.07 m. The MAI map was similarly produced with an R² of 0.6882, an RMSE of 1.73, and a MAE
        of 1.20 m³·ha⁻¹·year⁻¹. Spatial patterns and trends of SI and MAI were analyzed to be
        related to elevation, aspect, slope, soil productivity, and forest type. The 30 m SI and MAI
        maps can be used to support decisions on fire, plantation, biodiversity, and
        carbon.</marc:subfield>
      </marc:datafield>
      <marc:datafield tag="592" ind1=" " ind2=" ">
         <marc:subfield code="a">Publisher supplied data</marc:subfield>
      </marc:datafield>
      <marc:datafield tag="593" ind1=" " ind2=" ">
         <marc:subfield code="a">PubAg article</marc:subfield>
      </marc:datafield>
      <marc:datafield tag="650" ind1=" " ind2="3">
         <marc:subfield code="a">Landsat</marc:subfield>
      </marc:datafield>
      <marc:datafield tag="650" ind1=" " ind2="3">
         <marc:subfield code="a">biodiversity</marc:subfield>
      </marc:datafield>
      <marc:datafield tag="650" ind1=" " ind2="3">
         <marc:subfield code="a">carbon</marc:subfield>
      </marc:datafield>
      <marc:datafield tag="650" ind1=" " ind2="3">
         <marc:subfield code="a">forest inventory</marc:subfield>
      </marc:datafield>
      <marc:datafield tag="650" ind1=" " ind2="3">
         <marc:subfield code="a">forest management</marc:subfield>
      </marc:datafield>
      <marc:datafield tag="650" ind1=" " ind2="3">
         <marc:subfield code="a">forest types</marc:subfield>
      </marc:datafield>
      <marc:datafield tag="650" ind1=" " ind2="3">
         <marc:subfield code="a">site index</marc:subfield>
      </marc:datafield>
      <marc:datafield tag="650" ind1=" " ind2="3">
         <marc:subfield code="a">soil</marc:subfield>
      </marc:datafield>
      <marc:datafield tag="650" ind1=" " ind2="3">
         <marc:subfield code="a">soil productivity</marc:subfield>
      </marc:datafield>
      <marc:datafield tag="650" ind1=" " ind2="3">
         <marc:subfield code="a">topography</marc:subfield>
      </marc:datafield>
      <marc:datafield tag="650" ind1=" " ind2="3">
         <marc:subfield code="a">trees</marc:subfield>
      </marc:datafield>
      <marc:datafield tag="650" ind1=" " ind2="3">
         <marc:subfield code="a">tumor necrosis factors</marc:subfield>
      </marc:datafield>
      <marc:datafield tag="651" ind1=" " ind2="3">
         <marc:subfield code="a">California</marc:subfield>
      </marc:datafield>
      <marc:datafield tag="651" ind1=" " ind2="3">
         <marc:subfield code="a">Tahoe National Forest</marc:subfield>
      </marc:datafield>
      <marc:datafield tag="653" ind1=" " ind2="0">
         <marc:subfield code="a">site index</marc:subfield>
      </marc:datafield>
      <marc:datafield tag="653" ind1=" " ind2="0">
         <marc:subfield code="a">mean annual increment</marc:subfield>
      </marc:datafield>
      <marc:datafield tag="653" ind1=" " ind2="0">
         <marc:subfield code="a">timber productivity</marc:subfield>
      </marc:datafield>
      <marc:datafield tag="653" ind1=" " ind2="0">
         <marc:subfield code="a">remote sensing</marc:subfield>
      </marc:datafield>
      <marc:datafield tag="653" ind1=" " ind2="0">
         <marc:subfield code="a">Sierra Nevada</marc:subfield>
      </marc:datafield>
      <marc:datafield tag="700" ind1="1" ind2=" ">
         <marc:subfield code="a">Ramirez, Carlos</marc:subfield>
         <marc:subfield code="e">author</marc:subfield>
         <marc:subfield code="u">USDA Forest Service, Region 5, Remote Sensing Lab, 3237 Peacekeeper Way,
        Suite 201, McClellan, CA 95652, USA.</marc:subfield>
      </marc:datafield>
      <marc:datafield tag="700" ind1="1" ind2=" ">
         <marc:subfield code="a">Conway, Scott</marc:subfield>
         <marc:subfield code="e">author</marc:subfield>
         <marc:subfield code="u">USDA Forest Service, Tahoe National Forest, 10811 Stockrest Springs Rd.,
        Truckee, CA 96161, USA.</marc:subfield>
      </marc:datafield>
      <marc:datafield tag="700" ind1="1" ind2=" ">
         <marc:subfield code="a">Kennedy, Kama</marc:subfield>
         <marc:subfield code="e">author</marc:subfield>
         <marc:subfield code="u">USDA Forest Service, Region 5, Remote Sensing Lab, 3237 Peacekeeper Way,
        Suite 201, McClellan, CA 95652, USA.</marc:subfield>
      </marc:datafield>
      <marc:datafield tag="700" ind1="1" ind2=" ">
         <marc:subfield code="a">Kohler, Tanya</marc:subfield>
         <marc:subfield code="e">author</marc:subfield>
         <marc:subfield code="u">USDA Forest Service, Region 5, Remote Sensing Lab, 3237 Peacekeeper Way,
        Suite 201, McClellan, CA 95652, USA.</marc:subfield>
      </marc:datafield>
      <marc:datafield tag="700" ind1="1" ind2=" ">
         <marc:subfield code="a">Liu, Jinxun</marc:subfield>
         <marc:subfield code="e">author</marc:subfield>
         <marc:subfield code="u">USGS Western Geographic Science Center, 345 Middlefield Rd., Menlo Park, CA
        94025, USA.</marc:subfield>
      </marc:datafield>
      <marc:datafield tag="773" ind1="0" ind2=" ">
         <marc:subfield code="t">Canadian journal of forest research =.</marc:subfield>
         <marc:subfield code="g">2016 Sept. 28, v. 47, no. 1 p.113-124</marc:subfield>
         <marc:subfield code="d">NRC Research Press</marc:subfield>
         <marc:subfield code="x">1208-6037</marc:subfield>
         <marc:subfield code="7">nnas</marc:subfield>
      </marc:datafield>
      <marc:datafield tag="787" ind1="1" ind2=" ">
         <marc:subfield code="o">islandora_article_repository</marc:subfield>
      </marc:datafield>
      <marc:datafield tag="787" ind1="1" ind2=" ">
         <marc:subfield code="o">product_pubag</marc:subfield>
      </marc:datafield>
      <marc:datafield tag="787" ind1="1" ind2=" ">
         <marc:subfield code="o">(Journal)jnl2003</marc:subfield>
      </marc:datafield>
      <marc:datafield tag="856" ind1="4" ind2="0">
         <marc:subfield code="u">http://dx.doi.org/10.1139/cjfr-2016-0209</marc:subfield>
         <marc:subfield code="3">Available from publisher's site</marc:subfield>
      </marc:datafield>
      <marc:datafield tag="912" ind1=" " ind2=" ">
         <marc:subfield code="a">Article</marc:subfield>
      </marc:datafield>
      <marc:datafield tag="914" ind1=" " ind2=" ">
         <marc:subfield code="a">Journal:jnl2003</marc:subfield>
         <marc:subfield code="b">1208-6037</marc:subfield>
         <marc:subfield code="c">47</marc:subfield>
         <marc:subfield code="d">1</marc:subfield>
         <marc:subfield code="e">113</marc:subfield>
      </marc:datafield>
      <marc:datafield tag="914" ind1=" " ind2=" ">
         <marc:subfield code="f">Canadian journal of forest research =</marc:subfield>
      </marc:datafield>
      <marc:datafield tag="916" ind1=" " ind2=" ">
         <marc:subfield code="a">Batch:1772</marc:subfield>
      </marc:datafield>
      <marc:datafield tag="917" ind1=" " ind2=" ">
         <marc:subfield code="a">issued</marc:subfield>
      </marc:datafield>
      <marc:datafield tag="918" ind1="2" ind2=" ">
         <marc:subfield code="a">NRC Canada</marc:subfield>
         <marc:subfield code="e">provider</marc:subfield>
         <marc:subfield code="5">DNAL</marc:subfield>
      </marc:datafield>
      <marc:datafield tag="935" ind1=" " ind2=" ">
         <marc:subfield code="a">IND605601783</marc:subfield>
         <marc:subfield code="9">ExL</marc:subfield>
      </marc:datafield>
      <marc:datafield tag="949" ind1=" " ind2=" ">
         <marc:subfield code="a">2017-08-01</marc:subfield>
      </marc:datafield>
      <marc:datafield tag="953" ind1=" " ind2=" ">
         <marc:subfield code="a">CJFRv47i1-01030431-666551.zip</marc:subfield>
      </marc:datafield>
      <marc:datafield tag="961" ind1=" " ind2=" ">
         <marc:subfield code="a">USDA/RDUSDA/FS</marc:subfield>
      </marc:datafield>
      <marc:datafield tag="962" ind1=" " ind2=" ">
         <marc:subfield code="a">Batch:1772 reviewed on 2017-08-01T14:00:05Z</marc:subfield>
      </marc:datafield>
      <marc:datafield tag="974" ind1=" " ind2=" ">
         <marc:subfield code="a">agid:5601783</marc:subfield>
      </marc:datafield>
      <marc:datafield tag="983" ind1=" " ind2=" ">
         <marc:subfield code="a">2017-01-03</marc:subfield>
      </marc:datafield>
      <marc:datafield tag="984" ind1=" " ind2=" ">
         <marc:subfield code="a">2017-08-01</marc:subfield>
      </marc:datafield>
   </marc:record>