
   <marc:record>
      <marc:leader>05047nab a2200685 u 4500</marc:leader>
      <marc:controlfield tag="001">9915877846507426</marc:controlfield>
      <marc:controlfield tag="005">20221119064946.0</marc:controlfield>
      <marc:controlfield tag="008">200824e202009 xx |||||o|||||||||||eng||</marc:controlfield>
      <marc:datafield tag="016" ind1="7" ind2=" ">
         <marc:subfield code="a">IND607025963</marc:subfield>
         <marc:subfield code="2">DNAL</marc:subfield>
      </marc:datafield>
      <marc:datafield tag="024" ind1="7" ind2=" ">
         <marc:subfield code="a">10.1016/j.compag.2020.105618</marc:subfield>
         <marc:subfield code="2">doi</marc:subfield>
      </marc:datafield>
      <marc:datafield tag="035" ind1=" " ind2=" ">
         <marc:subfield code="a">agid:7025963-01nal_inst</marc:subfield>
      </marc:datafield>
      <marc:datafield tag="040" ind1=" " ind2=" ">
         <marc:subfield code="a">AGL</marc:subfield>
         <marc:subfield code="b">eng</marc:subfield>
         <marc:subfield code="c">AGL</marc:subfield>
      </marc:datafield>
      <marc:datafield tag="100" ind1="1" ind2=" ">
         <marc:subfield code="a">Zhang, Hongyan</marc:subfield>
         <marc:subfield code="e">author</marc:subfield>
         <marc:subfield code="u">State Key Laboratory of Information Engineering in Surveying, Mapping and
        Remote Sensing, Wuhan University, Wuhan, Hubei 430079, China</marc:subfield>
      </marc:datafield>
      <marc:datafield tag="245" ind1="1" ind2="0">
         <marc:subfield code="a">Accessing the temporal and spectral features in crop type mapping using
        multi-temporal Sentinel-2 imagery: A case study of Yi’an County, Heilongjiang province,
        China</marc:subfield>
      </marc:datafield>
      <marc:datafield tag="500" ind1=" " ind2=" ">
         <marc:subfield code="a">NAL-AP-2-clean</marc:subfield>
      </marc:datafield>
      <marc:datafield tag="520" ind1=" " ind2=" ">
         <marc:subfield code="a">Crop type mapping visualizes the spatial distribution patterns and
        proportions of the cultivated areas with different crop types, and is the basis for
        subsequent agricultural applications. Understanding the effectiveness of different temporal
        and spectral features in detailed crop classification can help users optimize temporal
        window selection and spectral feature space construction in crop type mapping applications.
        Therefore, in this study, we used time-series Sentinel-2 image data from Yi’an County,
        Heilongjiang province, China, to analyze the effectiveness of the temporal and spectral
        features used in three common machine learning classification methods: classification and
        regression tree (CART) decision tree, Support Vector Machine (SVM), and random forest (RF).
        For CART and SVM classifiers, the relative importance of the features was reflected by the
        order and frequency of attributes selected as the node and the square of the model weight.
        In RF, the change in prediction error as calculated by out of bag data is taken as the
        measure of feature importance. The standard deviation of the average value of all labeled
        pixels was used to evaluate the correctness of the unanimous conclusions drawn by these
        three methodologies. The quantitative evaluation results given by the confusion matrix show
        that random forest achieved the best overall accuracy, while support vector machine ranked
        second, and the decision tree algorithm yielded the least accurate classification results.
        From the perspective of feature importance, making full use of the discriminative
        information between different crops, and constructing a rational feature space, can help to
        improve classification accuracy significantly. In detail, the discriminative information
        between the different crop types is as follows: 1) images at the peak of the crop growth
        period are crucial in the classification of different crops; 2) the short-wave infrared
        bands are particularly suitable for fine crop classification; and 3) the red edge bands can
        effectively assist classification. Finally, our study achieved crop type mapping in the
        study area with an overall accuracy of 97.85% and a Kappa coefficient of 0.95.</marc:subfield>
      </marc:datafield>
      <marc:datafield tag="592" ind1=" " ind2=" ">
         <marc:subfield code="a">Publisher supplied data</marc:subfield>
      </marc:datafield>
      <marc:datafield tag="593" ind1=" " ind2=" ">
         <marc:subfield code="a">PubAg article</marc:subfield>
      </marc:datafield>
      <marc:datafield tag="650" ind1=" " ind2="3">
         <marc:subfield code="a">agriculture</marc:subfield>
      </marc:datafield>
      <marc:datafield tag="650" ind1=" " ind2="3">
         <marc:subfield code="a">case studies</marc:subfield>
      </marc:datafield>
      <marc:datafield tag="650" ind1=" " ind2="3">
         <marc:subfield code="a">decision support systems</marc:subfield>
      </marc:datafield>
      <marc:datafield tag="650" ind1=" " ind2="3">
         <marc:subfield code="a">electronics</marc:subfield>
      </marc:datafield>
      <marc:datafield tag="650" ind1=" " ind2="3">
         <marc:subfield code="a">prediction</marc:subfield>
      </marc:datafield>
      <marc:datafield tag="650" ind1=" " ind2="3">
         <marc:subfield code="a">quantitative analysis</marc:subfield>
      </marc:datafield>
      <marc:datafield tag="650" ind1=" " ind2="3">
         <marc:subfield code="a">regression analysis</marc:subfield>
      </marc:datafield>
      <marc:datafield tag="650" ind1=" " ind2="3">
         <marc:subfield code="a">standard deviation</marc:subfield>
      </marc:datafield>
      <marc:datafield tag="650" ind1=" " ind2="3">
         <marc:subfield code="a">support vector machines</marc:subfield>
      </marc:datafield>
      <marc:datafield tag="650" ind1=" " ind2="3">
         <marc:subfield code="a">time series analysis</marc:subfield>
      </marc:datafield>
      <marc:datafield tag="651" ind1=" " ind2="3">
         <marc:subfield code="a">China</marc:subfield>
      </marc:datafield>
      <marc:datafield tag="653" ind1=" " ind2="0">
         <marc:subfield code="a">Sentinel-2</marc:subfield>
      </marc:datafield>
      <marc:datafield tag="653" ind1=" " ind2="0">
         <marc:subfield code="a">Machine learning</marc:subfield>
      </marc:datafield>
      <marc:datafield tag="653" ind1=" " ind2="0">
         <marc:subfield code="a">Support vector machine</marc:subfield>
      </marc:datafield>
      <marc:datafield tag="653" ind1=" " ind2="0">
         <marc:subfield code="a">Random forest</marc:subfield>
      </marc:datafield>
      <marc:datafield tag="653" ind1=" " ind2="0">
         <marc:subfield code="a">Short-wave infrared</marc:subfield>
      </marc:datafield>
      <marc:datafield tag="653" ind1=" " ind2="0">
         <marc:subfield code="a">Crop type mapping</marc:subfield>
      </marc:datafield>
      <marc:datafield tag="653" ind1=" " ind2="0">
         <marc:subfield code="a">Feature selection</marc:subfield>
      </marc:datafield>
      <marc:datafield tag="700" ind1="1" ind2=" ">
         <marc:subfield code="a">Kang, Jinzhong</marc:subfield>
         <marc:subfield code="e">author</marc:subfield>
         <marc:subfield code="u">State Key Laboratory of Information Engineering in Surveying, Mapping and
        Remote Sensing, Wuhan University, Wuhan, Hubei 430079, China</marc:subfield>
      </marc:datafield>
      <marc:datafield tag="700" ind1="1" ind2=" ">
         <marc:subfield code="a">Xu, Xiong</marc:subfield>
         <marc:subfield code="e">author</marc:subfield>
         <marc:subfield code="u">College of Surveying and Geo-Informatics, Tongji University, Shanghai
        200092, China</marc:subfield>
      </marc:datafield>
      <marc:datafield tag="700" ind1="1" ind2=" ">
         <marc:subfield code="a">Zhang, Liangpei</marc:subfield>
         <marc:subfield code="e">author</marc:subfield>
         <marc:subfield code="u">State Key Laboratory of Information Engineering in Surveying, Mapping and
        Remote Sensing, Wuhan University, Wuhan, Hubei 430079, China</marc:subfield>
      </marc:datafield>
      <marc:datafield tag="773" ind1="0" ind2=" ">
         <marc:subfield code="t">Computers and electronics in agriculture.</marc:subfield>
         <marc:subfield code="g">2020 Sept., v. 176 p.105618-</marc:subfield>
         <marc:subfield code="d">Elsevier B.V.</marc:subfield>
         <marc:subfield code="w">Journal:jnl38096</marc:subfield>
         <marc:subfield code="x">0168-1699</marc:subfield>
         <marc:subfield code="7">nnas</marc:subfield>
      </marc:datafield>
      <marc:datafield tag="787" ind1="1" ind2=" ">
         <marc:subfield code="o">islandora_article_repository</marc:subfield>
      </marc:datafield>
      <marc:datafield tag="787" ind1="1" ind2=" ">
         <marc:subfield code="o">product_pubag</marc:subfield>
      </marc:datafield>
      <marc:datafield tag="787" ind1="1" ind2=" ">
         <marc:subfield code="o">(Journal)jnl38096</marc:subfield>
      </marc:datafield>
      <marc:datafield tag="856" ind1="4" ind2="0">
         <marc:subfield code="u">https://dx.doi.org/10.1016/j.compag.2020.105618</marc:subfield>
         <marc:subfield code="3">Available from publisher's site</marc:subfield>
      </marc:datafield>
      <marc:datafield tag="912" ind1=" " ind2=" ">
         <marc:subfield code="a">Article</marc:subfield>
      </marc:datafield>
      <marc:datafield tag="914" ind1=" " ind2=" ">
         <marc:subfield code="a">Journal:jnl38096</marc:subfield>
         <marc:subfield code="b">0168-1699</marc:subfield>
         <marc:subfield code="c">176</marc:subfield>
         <marc:subfield code="e">105618</marc:subfield>
      </marc:datafield>
      <marc:datafield tag="914" ind1=" " ind2=" ">
         <marc:subfield code="f">Computers and electronics in agriculture</marc:subfield>
      </marc:datafield>
      <marc:datafield tag="916" ind1=" " ind2=" ">
         <marc:subfield code="a">Batch:2538</marc:subfield>
      </marc:datafield>
      <marc:datafield tag="916" ind1=" " ind2=" ">
         <marc:subfield code="a">Batch:2565</marc:subfield>
      </marc:datafield>
      <marc:datafield tag="916" ind1=" " ind2=" ">
         <marc:subfield code="a">Batch:10122</marc:subfield>
      </marc:datafield>
      <marc:datafield tag="917" ind1=" " ind2=" ">
         <marc:subfield code="a">issued</marc:subfield>
      </marc:datafield>
      <marc:datafield tag="918" ind1="2" ind2=" ">
         <marc:subfield code="a">Elsevier Consyn</marc:subfield>
         <marc:subfield code="e">provider</marc:subfield>
         <marc:subfield code="5">DNAL</marc:subfield>
      </marc:datafield>
      <marc:datafield tag="935" ind1=" " ind2=" ">
         <marc:subfield code="a">IND607025963</marc:subfield>
         <marc:subfield code="9">ExL</marc:subfield>
      </marc:datafield>
      <marc:datafield tag="949" ind1=" " ind2=" ">
         <marc:subfield code="a">2021-07-22</marc:subfield>
      </marc:datafield>
      <marc:datafield tag="953" ind1=" " ind2=" ">
         <marc:subfield code="a">/data/metadata/incoming/consyn/149842536039314833-00001-HEAD-ONLY-REVISEDSUBJECTLIST.zip</marc:subfield>
      </marc:datafield>
      <marc:datafield tag="954" ind1=" " ind2=" ">
         <marc:subfield code="a">file:/data/metadata/staging/consyn/S0168169920303197.xml</marc:subfield>
      </marc:datafield>
      <marc:datafield tag="955" ind1=" " ind2=" ">
         <marc:subfield code="a">/data/metadata/staging/consyn/</marc:subfield>
      </marc:datafield>
      <marc:datafield tag="974" ind1=" " ind2=" ">
         <marc:subfield code="a">agid:7025963</marc:subfield>
      </marc:datafield>
      <marc:datafield tag="983" ind1=" " ind2=" ">
         <marc:subfield code="a">2020-08-24</marc:subfield>
      </marc:datafield>
      <marc:datafield tag="984" ind1=" " ind2=" ">
         <marc:subfield code="a">2021-07-22</marc:subfield>
      </marc:datafield>
   </marc:record>