
   <marc:record>
      <marc:leader>04450nab a2200673 u 4500</marc:leader>
      <marc:controlfield tag="001">9915878225607426</marc:controlfield>
      <marc:controlfield tag="005">20221119070220.0</marc:controlfield>
      <marc:controlfield tag="008">181124e201012 xx |||||o|||||||||||eng||</marc:controlfield>
      <marc:datafield tag="016" ind1="7" ind2=" ">
         <marc:subfield code="a">IND606222938</marc:subfield>
         <marc:subfield code="2">DNAL</marc:subfield>
      </marc:datafield>
      <marc:datafield tag="024" ind1="7" ind2=" ">
         <marc:subfield code="a">10.1177/0959683610371997</marc:subfield>
         <marc:subfield code="2">doi</marc:subfield>
      </marc:datafield>
      <marc:datafield tag="035" ind1=" " ind2=" ">
         <marc:subfield code="a">agid:6222938-01nal_inst</marc:subfield>
      </marc:datafield>
      <marc:datafield tag="040" ind1=" " ind2=" ">
         <marc:subfield code="a">AGL</marc:subfield>
         <marc:subfield code="b">eng</marc:subfield>
         <marc:subfield code="c">AGL</marc:subfield>
      </marc:datafield>
      <marc:datafield tag="100" ind1="1" ind2=" ">
         <marc:subfield code="a">Bao Yang, </marc:subfield>
         <marc:subfield code="e">author</marc:subfield>
         <marc:subfield code="u">Chinese Academy of Sciences, China, Lanzhou University, China,
        yangbao@lzb.ac.cn</marc:subfield>
      </marc:datafield>
      <marc:datafield tag="245" ind1="1" ind2="0">
         <marc:subfield code="a">Spatial and temporal patterns of variations in tree growth over the
        northeastern Tibetan Plateau during the period AD 1450-2001</marc:subfield>
      </marc:datafield>
      <marc:datafield tag="300" ind1=" " ind2=" ">
         <marc:subfield code="a">p. 1235-1245.</marc:subfield>
      </marc:datafield>
      <marc:datafield tag="520" ind1=" " ind2=" ">
         <marc:subfield code="a">We analyzed spatial and temporal growth variations of Qilian Junipers over
        the northeastern Tibetan Plateau (TP) during the period 1450—2001 by applying the empirical
        orthogonal function (EOF) technique to seven moisture-sensitive tree ring-width
        chronologies. The first three principal components together explain 78.21% of the total
        variance. The first principal component (PC1) accounts for 51.58% of the total variance, and
        represents consistent tree-growth variations in the northeastern TP. The second EOF mode
        reveals an opposite structure for the southern and northern parts of the northeastern
        Tibetan Plateau, reflecting the effect of huge topography and associated atmospheric
        circulation on tree-growth anomalies. The third EOF mode represents an opposite structure
        for the eastern and western parts of the northeastern Tibetan Plateau, possibly indicating
        the influence of different branches of atmospheric circulation system in this area. The EOF
        analysis results of instrumental precipitation data resemble those derived from the seven
        regional chronologies, providing further support that tree growth is a good indicator of
        regional precipitation variations. According to the PC1, dry conditions occurred in AD
        1450—1510, 1631—1739, 1765—1833, 1866—1883 and 1921—1947, whereas periods of relatively wet
        years are identified for AD 1511—1630, 1740—1764, 1834—1865, 1884—1920 and 1948—2001. During
        the past 550 years, 28 years with extreme regional growth depressions was identified. These
        ring-width extremes generally occurred in century-scale dry periods. The years 1467, 1484,
        1641, 1721, and 1928 with extreme tree-growth reductions in the northeastern TP are coeval
        with severe drought events in eastern China. In addition, the dry intervals or extreme
        growth depressions generally coincided with cold periods in the northeastern TP and vice
        versa, implying that the probability of occurrence of wet events in the northeastern TP will
        be higher in the future under the ongoing global warming.</marc:subfield>
      </marc:datafield>
      <marc:datafield tag="592" ind1=" " ind2=" ">
         <marc:subfield code="a">Publisher supplied data</marc:subfield>
      </marc:datafield>
      <marc:datafield tag="593" ind1=" " ind2=" ">
         <marc:subfield code="a">PubAg article</marc:subfield>
      </marc:datafield>
      <marc:datafield tag="650" ind1=" " ind2="3">
         <marc:subfield code="a">Juniperus</marc:subfield>
      </marc:datafield>
      <marc:datafield tag="650" ind1=" " ind2="3">
         <marc:subfield code="a">atmospheric circulation</marc:subfield>
      </marc:datafield>
      <marc:datafield tag="650" ind1=" " ind2="3">
         <marc:subfield code="a">cold</marc:subfield>
      </marc:datafield>
      <marc:datafield tag="650" ind1=" " ind2="3">
         <marc:subfield code="a">drought</marc:subfield>
      </marc:datafield>
      <marc:datafield tag="650" ind1=" " ind2="3">
         <marc:subfield code="a">global warming</marc:subfield>
      </marc:datafield>
      <marc:datafield tag="650" ind1=" " ind2="3">
         <marc:subfield code="a">probability</marc:subfield>
      </marc:datafield>
      <marc:datafield tag="650" ind1=" " ind2="3">
         <marc:subfield code="a">topography</marc:subfield>
      </marc:datafield>
      <marc:datafield tag="650" ind1=" " ind2="3">
         <marc:subfield code="a">tree growth</marc:subfield>
      </marc:datafield>
      <marc:datafield tag="650" ind1=" " ind2="3">
         <marc:subfield code="a">trees</marc:subfield>
      </marc:datafield>
      <marc:datafield tag="650" ind1=" " ind2="3">
         <marc:subfield code="a">variance</marc:subfield>
      </marc:datafield>
      <marc:datafield tag="651" ind1=" " ind2="3">
         <marc:subfield code="a">China</marc:subfield>
      </marc:datafield>
      <marc:datafield tag="653" ind1=" " ind2="0">
         <marc:subfield code="a">China</marc:subfield>
      </marc:datafield>
      <marc:datafield tag="653" ind1=" " ind2="0">
         <marc:subfield code="a">climate change</marc:subfield>
      </marc:datafield>
      <marc:datafield tag="653" ind1=" " ind2="0">
         <marc:subfield code="a">dendrochronology</marc:subfield>
      </marc:datafield>
      <marc:datafield tag="653" ind1=" " ind2="0">
         <marc:subfield code="a">paleoclimatology</marc:subfield>
      </marc:datafield>
      <marc:datafield tag="653" ind1=" " ind2="0">
         <marc:subfield code="a">Tibetan Plateau</marc:subfield>
      </marc:datafield>
      <marc:datafield tag="653" ind1=" " ind2="0">
         <marc:subfield code="a">tree growth</marc:subfield>
      </marc:datafield>
      <marc:datafield tag="700" ind1="1" ind2=" ">
         <marc:subfield code="a">Chun Qin, </marc:subfield>
         <marc:subfield code="e">author</marc:subfield>
         <marc:subfield code="u">Chinese Academy of Sciences, China</marc:subfield>
      </marc:datafield>
      <marc:datafield tag="700" ind1="1" ind2=" ">
         <marc:subfield code="a">Kai Huang, </marc:subfield>
         <marc:subfield code="e">author</marc:subfield>
         <marc:subfield code="u">Chinese Academy of Sciences, China</marc:subfield>
      </marc:datafield>
      <marc:datafield tag="700" ind1="1" ind2=" ">
         <marc:subfield code="a">Zexin Fan, </marc:subfield>
         <marc:subfield code="e">author</marc:subfield>
         <marc:subfield code="u">Chinese Academy of Sciences, China</marc:subfield>
      </marc:datafield>
      <marc:datafield tag="700" ind1="1" ind2=" ">
         <marc:subfield code="a">Jingjing Liu, </marc:subfield>
         <marc:subfield code="e">author</marc:subfield>
         <marc:subfield code="u">Chinese Academy of Sciences, China</marc:subfield>
      </marc:datafield>
      <marc:datafield tag="773" ind1="0" ind2=" ">
         <marc:subfield code="t">Holocene.</marc:subfield>
         <marc:subfield code="g">2010 Dec., v. 20, no. 8 p.1235-1245</marc:subfield>
         <marc:subfield code="d">SAGE Publications</marc:subfield>
         <marc:subfield code="w">Journal:J000001502</marc:subfield>
         <marc:subfield code="x">0959-6836</marc:subfield>
         <marc:subfield code="7">nnas</marc:subfield>
      </marc:datafield>
      <marc:datafield tag="787" ind1="1" ind2=" ">
         <marc:subfield code="o">islandora_article_repository</marc:subfield>
      </marc:datafield>
      <marc:datafield tag="787" ind1="1" ind2=" ">
         <marc:subfield code="o">product_pubag</marc:subfield>
      </marc:datafield>
      <marc:datafield tag="787" ind1="1" ind2=" ">
         <marc:subfield code="o">(Journal)J000001502</marc:subfield>
      </marc:datafield>
      <marc:datafield tag="856" ind1="4" ind2="0">
         <marc:subfield code="u">http://dx.doi.org/10.1177/0959683610371997</marc:subfield>
         <marc:subfield code="3">Available from publisher's site</marc:subfield>
      </marc:datafield>
      <marc:datafield tag="912" ind1=" " ind2=" ">
         <marc:subfield code="a">Article</marc:subfield>
      </marc:datafield>
      <marc:datafield tag="914" ind1=" " ind2=" ">
         <marc:subfield code="a">Journal:J000001502</marc:subfield>
         <marc:subfield code="b">0959-6836</marc:subfield>
         <marc:subfield code="c">20</marc:subfield>
         <marc:subfield code="d">8</marc:subfield>
         <marc:subfield code="e">1235</marc:subfield>
      </marc:datafield>
      <marc:datafield tag="914" ind1=" " ind2=" ">
         <marc:subfield code="f">Holocene</marc:subfield>
      </marc:datafield>
      <marc:datafield tag="916" ind1=" " ind2=" ">
         <marc:subfield code="a">Batch:2154</marc:subfield>
      </marc:datafield>
      <marc:datafield tag="917" ind1=" " ind2=" ">
         <marc:subfield code="a">issued</marc:subfield>
      </marc:datafield>
      <marc:datafield tag="918" ind1="2" ind2=" ">
         <marc:subfield code="a">Sage Publications</marc:subfield>
         <marc:subfield code="e">provider</marc:subfield>
         <marc:subfield code="5">DNAL</marc:subfield>
      </marc:datafield>
      <marc:datafield tag="935" ind1=" " ind2=" ">
         <marc:subfield code="a">IND606222938</marc:subfield>
         <marc:subfield code="9">ExL</marc:subfield>
      </marc:datafield>
      <marc:datafield tag="949" ind1=" " ind2=" ">
         <marc:subfield code="a">2020-03-06</marc:subfield>
      </marc:datafield>
      <marc:datafield tag="953" ind1=" " ind2=" ">
         <marc:subfield code="a">/data/metadata/incoming/sagepubs/HOL_2010_20_8.zip</marc:subfield>
      </marc:datafield>
      <marc:datafield tag="954" ind1=" " ind2=" ">
         <marc:subfield code="a">file:/data/metadata/staging/sagepubs/10.1177_0959683610371997.xml</marc:subfield>
      </marc:datafield>
      <marc:datafield tag="955" ind1=" " ind2=" ">
         <marc:subfield code="a">/data/metadata/staging/sagepubs/</marc:subfield>
      </marc:datafield>
      <marc:datafield tag="962" ind1=" " ind2=" ">
         <marc:subfield code="a">Batch:2154 reviewed on 2019-04-03T16:00:04Z</marc:subfield>
      </marc:datafield>
      <marc:datafield tag="974" ind1=" " ind2=" ">
         <marc:subfield code="a">agid:6222938</marc:subfield>
      </marc:datafield>
      <marc:datafield tag="983" ind1=" " ind2=" ">
         <marc:subfield code="a">2018-11-24</marc:subfield>
      </marc:datafield>
      <marc:datafield tag="984" ind1=" " ind2=" ">
         <marc:subfield code="a">2020-03-06</marc:subfield>
      </marc:datafield>
   </marc:record>