
   <marc:record>
      <marc:leader>07660nab a2200997 u 4500</marc:leader>
      <marc:controlfield tag="001">9915878517207426</marc:controlfield>
      <marc:controlfield tag="005">20221119072422.0</marc:controlfield>
      <marc:controlfield tag="008">200303e202004 xx |||||o|||||||||||eng||</marc:controlfield>
      <marc:datafield tag="016" ind1="7" ind2=" ">
         <marc:subfield code="a">IND606854358</marc:subfield>
         <marc:subfield code="2">DNAL</marc:subfield>
      </marc:datafield>
      <marc:datafield tag="024" ind1="7" ind2=" ">
         <marc:subfield code="a">10.1111/geb.13061</marc:subfield>
         <marc:subfield code="2">doi</marc:subfield>
      </marc:datafield>
      <marc:datafield tag="035" ind1=" " ind2=" ">
         <marc:subfield code="a">agid:6854358-01nal_inst</marc:subfield>
      </marc:datafield>
      <marc:datafield tag="040" ind1=" " ind2=" ">
         <marc:subfield code="a">AGL</marc:subfield>
         <marc:subfield code="b">eng</marc:subfield>
         <marc:subfield code="c">AGL</marc:subfield>
      </marc:datafield>
      <marc:datafield tag="100" ind1="1" ind2=" ">
         <marc:subfield code="a">Read, Quentin D.</marc:subfield>
         <marc:subfield code="e">author</marc:subfield>
         <marc:subfield code="u">Department of Integrative Biology, Michigan State University, East Lansing,
        Michigan</marc:subfield>
         <marc:subfield code="1">https://orcid.org/0000-0003-4315-5582</marc:subfield>
      </marc:datafield>
      <marc:datafield tag="245" ind1="1" ind2="0">
         <marc:subfield code="a">Beyond counts and averages: Relating geodiversity to dimensions of
        biodiversity</marc:subfield>
      </marc:datafield>
      <marc:datafield tag="300" ind1=" " ind2=" ">
         <marc:subfield code="a">p. 696-710.</marc:subfield>
      </marc:datafield>
      <marc:datafield tag="500" ind1=" " ind2=" ">
         <marc:subfield code="a">JOURNAL ARTICLE</marc:subfield>
      </marc:datafield>
      <marc:datafield tag="506" ind1=" " ind2=" ">
         <marc:subfield code="a">Resource is Open Access</marc:subfield>
         <marc:subfield code="f">Unrestricted online access</marc:subfield>
         <marc:subfield code="2">star</marc:subfield>
      </marc:datafield>
      <marc:datafield tag="506" ind1=" " ind2=" ">
         <marc:subfield code="a">Wiley License Information</marc:subfield>
         <marc:subfield code="f">Unrestricted online access</marc:subfield>
         <marc:subfield code="2">star</marc:subfield>
      </marc:datafield>
      <marc:datafield tag="520" ind1=" " ind2=" ">
         <marc:subfield code="a">AIM: We may be able to buffer biodiversity against the effects of ongoing
        climate change by prioritizing the protection of habitat with diverse physical features
        (high geodiversity) associated with ecological and evolutionary mechanisms that maintain
        high biodiversity. Nonetheless, the relationships between biodiversity and habitat vary with
        spatial and biological context. In this study, we compare how well habitat geodiversity
        (spatial variation in abiotic processes and features) and climate explain biodiversity
        patterns of birds and trees. We also evaluate the consistency of biodiversity–geodiversity
        relationships across ecoregions. LOCATION: Contiguous USA. TIME PERIOD: 2007–2016. TAXA
        STUDIED: Birds and trees. METHODS: We quantified geodiversity with remotely sensed data and
        generated biodiversity maps from the Forest Inventory and Analysis and Breeding Bird Survey
        datasets. We fitted multivariate regressions to alpha, beta and gamma diversity, accounting
        for spatial autocorrelation among Nature Conservancy ecoregions and relationships among
        taxonomic, phylogenetic and functional biodiversity. We fitted models including climate
        alone (temperature and precipitation), geodiversity alone (topography, soil and geology) and
        climate plus geodiversity. RESULTS: A combination of geodiversity and climate predictor
        variables fitted most forms of bird and tree biodiversity with &lt; 10% relative error.
        Models using geodiversity and climate performed better for local (alpha) and regional
        (gamma) diversity than for turnover‐based (beta) diversity. Among geodiversity predictors,
        variability of elevation fitted biodiversity best; interestingly, topographically diverse
        places tended to have higher tree diversity but lower bird diversity. MAIN CONCLUSIONS:
        Although climatic predictors tended to have larger individual effects than geodiversity,
        adding geodiversity improved climate‐only models of biodiversity. Geodiversity was
        correlated with biodiversity more consistently than with climate across ecoregions, but
        models tended to have a poor fit in ecoregions held out of the training dataset. Patterns of
        geodiversity could help to prioritize conservation efforts within ecoregions. However, we
        need to understand the underlying mechanisms more fully before we can build models
        transferable across ecoregions.</marc:subfield>
      </marc:datafield>
      <marc:datafield tag="592" ind1=" " ind2=" ">
         <marc:subfield code="a">Publisher supplied data</marc:subfield>
      </marc:datafield>
      <marc:datafield tag="593" ind1=" " ind2=" ">
         <marc:subfield code="a">PubAg article</marc:subfield>
      </marc:datafield>
      <marc:datafield tag="596" ind1=" " ind2=" ">
         <marc:subfield code="c">NASA</marc:subfield>
         <marc:subfield code="d">https://doi.org/10.13039/100000104</marc:subfield>
      </marc:datafield>
      <marc:datafield tag="596" ind1=" " ind2=" ">
         <marc:subfield code="c">National Institute of Food and Agriculture</marc:subfield>
         <marc:subfield code="d">https://doi.org/10.13039/100005825</marc:subfield>
      </marc:datafield>
      <marc:datafield tag="596" ind1=" " ind2=" ">
         <marc:subfield code="c">NSF</marc:subfield>
         <marc:subfield code="d">https://doi.org/10.13039/100000001</marc:subfield>
      </marc:datafield>
      <marc:datafield tag="596" ind1=" " ind2=" ">
         <marc:subfield code="a">NNX14AP07G</marc:subfield>
         <marc:subfield code="c">National Aeronautics and Space Administration</marc:subfield>
      </marc:datafield>
      <marc:datafield tag="596" ind1=" " ind2=" ">
         <marc:subfield code="a">NNX16AQ44G</marc:subfield>
         <marc:subfield code="c">National Aeronautics and Space Administration</marc:subfield>
      </marc:datafield>
      <marc:datafield tag="596" ind1=" " ind2=" ">
         <marc:subfield code="a">NNX16AQ45G</marc:subfield>
         <marc:subfield code="c">National Aeronautics and Space Administration</marc:subfield>
      </marc:datafield>
      <marc:datafield tag="596" ind1=" " ind2=" ">
         <marc:subfield code="a">1237491</marc:subfield>
         <marc:subfield code="c">National Science Foundation</marc:subfield>
      </marc:datafield>
      <marc:datafield tag="596" ind1=" " ind2=" ">
         <marc:subfield code="a">1637685</marc:subfield>
         <marc:subfield code="c">National Science Foundation</marc:subfield>
      </marc:datafield>
      <marc:datafield tag="596" ind1=" " ind2=" ">
         <marc:subfield code="a">1638688</marc:subfield>
         <marc:subfield code="c">National Science Foundation</marc:subfield>
      </marc:datafield>
      <marc:datafield tag="596" ind1=" " ind2=" ">
         <marc:subfield code="a">DBI‐1639145</marc:subfield>
         <marc:subfield code="c">National Science Foundation</marc:subfield>
      </marc:datafield>
      <marc:datafield tag="596" ind1=" " ind2=" ">
         <marc:subfield code="a">EF‐1253225</marc:subfield>
         <marc:subfield code="c">National Science Foundation</marc:subfield>
      </marc:datafield>
      <marc:datafield tag="596" ind1=" " ind2=" ">
         <marc:subfield code="a">1010055</marc:subfield>
         <marc:subfield code="c">National Institute of Food and Agriculture</marc:subfield>
      </marc:datafield>
      <marc:datafield tag="596" ind1=" " ind2=" ">
         <marc:subfield code="a">NH00634</marc:subfield>
         <marc:subfield code="c">National Institute of Food and Agriculture</marc:subfield>
      </marc:datafield>
      <marc:datafield tag="650" ind1=" " ind2="3">
         <marc:subfield code="a">autocorrelation</marc:subfield>
      </marc:datafield>
      <marc:datafield tag="650" ind1=" " ind2="3">
         <marc:subfield code="a">birds</marc:subfield>
      </marc:datafield>
      <marc:datafield tag="650" ind1=" " ind2="3">
         <marc:subfield code="a">breeding</marc:subfield>
      </marc:datafield>
      <marc:datafield tag="650" ind1=" " ind2="3">
         <marc:subfield code="a">climate</marc:subfield>
      </marc:datafield>
      <marc:datafield tag="650" ind1=" " ind2="3">
         <marc:subfield code="a">climate change</marc:subfield>
      </marc:datafield>
      <marc:datafield tag="650" ind1=" " ind2="3">
         <marc:subfield code="a">data collection</marc:subfield>
      </marc:datafield>
      <marc:datafield tag="650" ind1=" " ind2="3">
         <marc:subfield code="a">ecoregions</marc:subfield>
      </marc:datafield>
      <marc:datafield tag="650" ind1=" " ind2="3">
         <marc:subfield code="a">forest inventory</marc:subfield>
      </marc:datafield>
      <marc:datafield tag="650" ind1=" " ind2="3">
         <marc:subfield code="a">habitats</marc:subfield>
      </marc:datafield>
      <marc:datafield tag="650" ind1=" " ind2="3">
         <marc:subfield code="a">models</marc:subfield>
      </marc:datafield>
      <marc:datafield tag="650" ind1=" " ind2="3">
         <marc:subfield code="a">phylogeny</marc:subfield>
      </marc:datafield>
      <marc:datafield tag="650" ind1=" " ind2="3">
         <marc:subfield code="a">remote sensing</marc:subfield>
      </marc:datafield>
      <marc:datafield tag="650" ind1=" " ind2="3">
         <marc:subfield code="a">soil</marc:subfield>
      </marc:datafield>
      <marc:datafield tag="650" ind1=" " ind2="3">
         <marc:subfield code="a">species diversity</marc:subfield>
      </marc:datafield>
      <marc:datafield tag="650" ind1=" " ind2="3">
         <marc:subfield code="a">temperature</marc:subfield>
      </marc:datafield>
      <marc:datafield tag="650" ind1=" " ind2="3">
         <marc:subfield code="a">topography</marc:subfield>
      </marc:datafield>
      <marc:datafield tag="650" ind1=" " ind2="3">
         <marc:subfield code="a">trees</marc:subfield>
      </marc:datafield>
      <marc:datafield tag="651" ind1=" " ind2="3">
         <marc:subfield code="a">United States</marc:subfield>
      </marc:datafield>
      <marc:datafield tag="700" ind1="1" ind2=" ">
         <marc:subfield code="a">Zarnetske, Phoebe L.</marc:subfield>
         <marc:subfield code="e">author</marc:subfield>
         <marc:subfield code="u">Department of Integrative Biology, Michigan State University, East Lansing,
        Michigan</marc:subfield>
         <marc:subfield code="1">https://orcid.org/0000-0001-6257-6951</marc:subfield>
      </marc:datafield>
      <marc:datafield tag="700" ind1="1" ind2=" ">
         <marc:subfield code="a">Record, Sydne</marc:subfield>
         <marc:subfield code="e">author</marc:subfield>
         <marc:subfield code="u">Department of Biology, Bryn Mawr College, Bryn Mawr,
        Pennsylvania</marc:subfield>
         <marc:subfield code="1">https://orcid.org/0000-0001-7293-2155</marc:subfield>
      </marc:datafield>
      <marc:datafield tag="700" ind1="1" ind2=" ">
         <marc:subfield code="a">Dahlin, Kyla M.</marc:subfield>
         <marc:subfield code="e">author</marc:subfield>
         <marc:subfield code="u">Ecology, Evolutionary Biology, and Behavior Program, Michigan State
        University, East Lansing, Michigan</marc:subfield>
         <marc:subfield code="1">https://orcid.org/0000-0002-6016-2605</marc:subfield>
      </marc:datafield>
      <marc:datafield tag="700" ind1="1" ind2=" ">
         <marc:subfield code="a">Costanza, Jennifer K.</marc:subfield>
         <marc:subfield code="e">author</marc:subfield>
         <marc:subfield code="u">Department of Forestry and Environmental Resources, North Carolina State
        University, Raleigh, North Carolina</marc:subfield>
         <marc:subfield code="1">https://orcid.org/0000-0002-3747-538X</marc:subfield>
      </marc:datafield>
      <marc:datafield tag="700" ind1="1" ind2=" ">
         <marc:subfield code="a">Finley, Andrew O.</marc:subfield>
         <marc:subfield code="e">author</marc:subfield>
         <marc:subfield code="u">Department of Forestry, Michigan State University, East Lansing,
        Michigan</marc:subfield>
         <marc:subfield code="1">https://orcid.org/0000-0002-2277-2912</marc:subfield>
      </marc:datafield>
      <marc:datafield tag="700" ind1="1" ind2=" ">
         <marc:subfield code="a">Gaddis, Keith D.</marc:subfield>
         <marc:subfield code="e">author</marc:subfield>
         <marc:subfield code="u">Earth Science Division, NASA, Washington, District of Columbia</marc:subfield>
         <marc:subfield code="1">https://orcid.org/0000-0002-5549-906X</marc:subfield>
      </marc:datafield>
      <marc:datafield tag="700" ind1="1" ind2=" ">
         <marc:subfield code="a">Grady, John M.</marc:subfield>
         <marc:subfield code="e">author</marc:subfield>
         <marc:subfield code="u">Department of Integrative Biology, Michigan State University, East Lansing,
        Michigan</marc:subfield>
         <marc:subfield code="1">https://orcid.org/0000-0001-6444-3300</marc:subfield>
      </marc:datafield>
      <marc:datafield tag="700" ind1="1" ind2=" ">
         <marc:subfield code="a">Hobi, Martina L.</marc:subfield>
         <marc:subfield code="e">author</marc:subfield>
         <marc:subfield code="u">Swiss Federal Institute for Forest, Snow, and Landscape Research,
        Birmensdorf, Switzerland</marc:subfield>
         <marc:subfield code="1">https://orcid.org/0000-0003-3537-9738</marc:subfield>
      </marc:datafield>
      <marc:datafield tag="700" ind1="1" ind2=" ">
         <marc:subfield code="a">Latimer, Andrew M.</marc:subfield>
         <marc:subfield code="e">author</marc:subfield>
         <marc:subfield code="u">Department of Plant Sciences, University of California‐Davis, Davis,
        California</marc:subfield>
         <marc:subfield code="1">https://orcid.org/0000-0001-8098-0448</marc:subfield>
      </marc:datafield>
      <marc:datafield tag="700" ind1="1" ind2=" ">
         <marc:subfield code="a">Malone, Sparkle L.</marc:subfield>
         <marc:subfield code="e">author</marc:subfield>
         <marc:subfield code="u">Department of Biological Sciences, Florida International University, Miami,
        Florida</marc:subfield>
         <marc:subfield code="1">https://orcid.org/0000-0001-9034-1076</marc:subfield>
      </marc:datafield>
      <marc:datafield tag="700" ind1="1" ind2=" ">
         <marc:subfield code="a">Ollinger, Scott V.</marc:subfield>
         <marc:subfield code="e">author</marc:subfield>
         <marc:subfield code="u">Department of Natural Resources and the Environment, University of New
        Hampshire, Durham, New Hampshire</marc:subfield>
         <marc:subfield code="1">https://orcid.org/0000-0001-6226-1431</marc:subfield>
      </marc:datafield>
      <marc:datafield tag="700" ind1="1" ind2=" ">
         <marc:subfield code="a">Pau, Stephanie</marc:subfield>
         <marc:subfield code="e">author</marc:subfield>
         <marc:subfield code="u">Department of Geography, Florida State University, Tallahassee,
        Florida</marc:subfield>
      </marc:datafield>
      <marc:datafield tag="700" ind1="1" ind2=" ">
         <marc:subfield code="a">Wilson, Adam M.</marc:subfield>
         <marc:subfield code="e">author</marc:subfield>
         <marc:subfield code="u">Department of Geography, University at Buffalo, Buffalo, New
        York</marc:subfield>
         <marc:subfield code="1">https://orcid.org/0000-0003-3362-7806</marc:subfield>
      </marc:datafield>
      <marc:datafield tag="773" ind1="0" ind2=" ">
         <marc:subfield code="t">Global ecology and biogeography.</marc:subfield>
         <marc:subfield code="g">2020 Apr., v. 29, no. 4 p.696-710</marc:subfield>
         <marc:subfield code="d">John Wiley &amp; Sons, Ltd</marc:subfield>
         <marc:subfield code="w">Journal:jnl3920180</marc:subfield>
         <marc:subfield code="x">1466-822X</marc:subfield>
         <marc:subfield code="7">nnas</marc:subfield>
      </marc:datafield>
      <marc:datafield tag="787" ind1="1" ind2=" ">
         <marc:subfield code="o">islandora_article_repository</marc:subfield>
      </marc:datafield>
      <marc:datafield tag="787" ind1="1" ind2=" ">
         <marc:subfield code="o">product_pubag</marc:subfield>
      </marc:datafield>
      <marc:datafield tag="787" ind1="1" ind2=" ">
         <marc:subfield code="o">(Journal)jnl3920180</marc:subfield>
      </marc:datafield>
      <marc:datafield tag="856" ind1="4" ind2="0">
         <marc:subfield code="u">http://dx.doi.org/10.1111/geb.13061</marc:subfield>
         <marc:subfield code="3">Available from publisher's site</marc:subfield>
      </marc:datafield>
      <marc:datafield tag="903" ind1=" " ind2=" ">
         <marc:subfield code="a">Version of Record</marc:subfield>
      </marc:datafield>
      <marc:datafield tag="912" ind1=" " ind2=" ">
         <marc:subfield code="a">Article</marc:subfield>
      </marc:datafield>
      <marc:datafield tag="914" ind1=" " ind2=" ">
         <marc:subfield code="a">Journal:jnl3920180</marc:subfield>
         <marc:subfield code="b">1466-822X</marc:subfield>
         <marc:subfield code="c">29</marc:subfield>
         <marc:subfield code="d">4</marc:subfield>
         <marc:subfield code="e">696</marc:subfield>
      </marc:datafield>
      <marc:datafield tag="914" ind1=" " ind2=" ">
         <marc:subfield code="f">Global ecology and biogeography</marc:subfield>
      </marc:datafield>
      <marc:datafield tag="916" ind1=" " ind2=" ">
         <marc:subfield code="a">Batch:2523</marc:subfield>
      </marc:datafield>
      <marc:datafield tag="917" ind1=" " ind2=" ">
         <marc:subfield code="a">issued</marc:subfield>
      </marc:datafield>
      <marc:datafield tag="918" ind1="2" ind2=" ">
         <marc:subfield code="a">John Wiley &amp; Sons, Inc</marc:subfield>
         <marc:subfield code="e">provider</marc:subfield>
         <marc:subfield code="5">DNAL</marc:subfield>
      </marc:datafield>
      <marc:datafield tag="935" ind1=" " ind2=" ">
         <marc:subfield code="a">IND606854358</marc:subfield>
         <marc:subfield code="9">ExL</marc:subfield>
      </marc:datafield>
      <marc:datafield tag="949" ind1=" " ind2=" ">
         <marc:subfield code="a">2020-07-21</marc:subfield>
      </marc:datafield>
      <marc:datafield tag="953" ind1=" " ind2=" ">
         <marc:subfield code="a">/data/metadata/incoming/wiley/1466822X_2020_29_4.xml</marc:subfield>
      </marc:datafield>
      <marc:datafield tag="954" ind1=" " ind2=" ">
         <marc:subfield code="a">file:/data/metadata/staging/wiley/1466822X_2020_29_4.xml</marc:subfield>
      </marc:datafield>
      <marc:datafield tag="955" ind1=" " ind2=" ">
         <marc:subfield code="a">/data/metadata/staging/wiley/</marc:subfield>
      </marc:datafield>
      <marc:datafield tag="962" ind1=" " ind2=" ">
         <marc:subfield code="a">Batch:2523 reviewed on 2020-07-21T04:00:04Z</marc:subfield>
      </marc:datafield>
      <marc:datafield tag="974" ind1=" " ind2=" ">
         <marc:subfield code="a">agid:6854358</marc:subfield>
      </marc:datafield>
      <marc:datafield tag="983" ind1=" " ind2=" ">
         <marc:subfield code="a">2020-03-03</marc:subfield>
      </marc:datafield>
      <marc:datafield tag="984" ind1=" " ind2=" ">
         <marc:subfield code="a">2020-07-21</marc:subfield>
      </marc:datafield>
   </marc:record>