
   <marc:record>
      <marc:leader>05379nab a2200709 u 4500</marc:leader>
      <marc:controlfield tag="001">9915879030107426</marc:controlfield>
      <marc:controlfield tag="005">20221119074129.0</marc:controlfield>
      <marc:controlfield tag="008">190705e201809 xx |||||o|||||||||||eng||</marc:controlfield>
      <marc:datafield tag="016" ind1="7" ind2=" ">
         <marc:subfield code="a">IND606133215</marc:subfield>
         <marc:subfield code="2">DNAL</marc:subfield>
      </marc:datafield>
      <marc:datafield tag="024" ind1="7" ind2=" ">
         <marc:subfield code="a">10.1016/j.eja.2018.04.012</marc:subfield>
         <marc:subfield code="2">doi</marc:subfield>
      </marc:datafield>
      <marc:datafield tag="035" ind1=" " ind2=" ">
         <marc:subfield code="a">agid:6133215-01nal_inst</marc:subfield>
      </marc:datafield>
      <marc:datafield tag="040" ind1=" " ind2=" ">
         <marc:subfield code="a">AGL</marc:subfield>
         <marc:subfield code="b">eng</marc:subfield>
         <marc:subfield code="c">AGL</marc:subfield>
      </marc:datafield>
      <marc:datafield tag="100" ind1="1" ind2=" ">
         <marc:subfield code="a">Di Mauro, Guido</marc:subfield>
         <marc:subfield code="e">author</marc:subfield>
         <marc:subfield code="u">Instituto de Investigaciones en Ciencias Agrarias de Rosario – CONICET,
        Facultad de Ciencias Agrarias, Universidad Nacional de Rosario, S2125AA, Zavalla, Santa Fe,
        Argentina</marc:subfield>
      </marc:datafield>
      <marc:datafield tag="245" ind1="1" ind2="0">
         <marc:subfield code="a">Environmental and management variables explain soybean yield gap
        variability in Central Argentina</marc:subfield>
      </marc:datafield>
      <marc:datafield tag="300" ind1=" " ind2=" ">
         <marc:subfield code="a">p. 186-194.</marc:subfield>
      </marc:datafield>
      <marc:datafield tag="520" ind1=" " ind2=" ">
         <marc:subfield code="a">Assessing yield gap (Yg) is required to identify opportunities for future
        yield increases. Central Argentina is one of the most productive soybean regions in the
        world. In this region, soybean is planted after a winter fallow period (from now on soybean
        as single crop) or after the harvest of a winter crop (from now on soybean as second crop).
        Information regarding options for obtaining even higher yields is limited. The objectives of
        this paper are: i) to estimate Yg of soybean as single or second crop, ii) to identify
        management and environmental variables associated with soybean Yg variability, and iii) to
        assess the spatial distribution of soybean Yg. A farmers’ survey with ∼22,500 field
        observations from 2003 to 2015 was compiled. Water-limited yield potential (Ywlim) was
        estimated as the 95th percentile of actual farmers’ yield (Ya) across years. Yield gap was
        the difference between Ywlim and Ya, expressed as a percentage of Ywlim. Factors associated
        with Yg were evaluated using regression trees. Ordinary kriging was used to explore spatial
        patterns of Yg. Average Ywlim were 5095 and 4337 kg ha−1 for single and second crop,
        respectively. Average Yg were 28.7 and 33.5% for single and second crop, respectively. Yield
        gap showed a wide range of variation. Management accounted for 66 and 91% of explained
        variation in Yg for single and second crop, respectively. Gap closing for single crop was
        associated with earlier planting and maize as previous crop. Gap closing for second crop was
        associated with foliar fungicide utilization, P fertilization, and earlier planting. Single
        crop Yg was spatially auto-correlated, whereas no auto-correlation was observed for second
        crop. The spatial structure of single crop was represented by an exponential model, with 81%
        of total variation explained by the spatial structure and a maximum range of
        auto-correlation of approximately 120 km. This result is consistent with the observed
        spatial auto-correlation of variables explaining Yg in single crop. Our approximation
        allowed the characterization of the magnitude, possible explaining factors, and spatial
        dependence of soybean Yg in one of the most productive regions in the world. Although
        average gaps are relatively small compared to those in other regions, there are still
        opportunities for future yield improvements.</marc:subfield>
      </marc:datafield>
      <marc:datafield tag="592" ind1=" " ind2=" ">
         <marc:subfield code="a">Publisher supplied data</marc:subfield>
      </marc:datafield>
      <marc:datafield tag="593" ind1=" " ind2=" ">
         <marc:subfield code="a">PubAg article</marc:subfield>
      </marc:datafield>
      <marc:datafield tag="650" ind1=" " ind2="3">
         <marc:subfield code="a">autocorrelation</marc:subfield>
      </marc:datafield>
      <marc:datafield tag="650" ind1=" " ind2="3">
         <marc:subfield code="a">corn</marc:subfield>
      </marc:datafield>
      <marc:datafield tag="650" ind1=" " ind2="3">
         <marc:subfield code="a">crop yield</marc:subfield>
      </marc:datafield>
      <marc:datafield tag="650" ind1=" " ind2="3">
         <marc:subfield code="a">environmental factors</marc:subfield>
      </marc:datafield>
      <marc:datafield tag="650" ind1=" " ind2="3">
         <marc:subfield code="a">fallow</marc:subfield>
      </marc:datafield>
      <marc:datafield tag="650" ind1=" " ind2="3">
         <marc:subfield code="a">fertilizer application</marc:subfield>
      </marc:datafield>
      <marc:datafield tag="650" ind1=" " ind2="3">
         <marc:subfield code="a">fungicides</marc:subfield>
      </marc:datafield>
      <marc:datafield tag="650" ind1=" " ind2="3">
         <marc:subfield code="a">kriging</marc:subfield>
      </marc:datafield>
      <marc:datafield tag="650" ind1=" " ind2="3">
         <marc:subfield code="a">models</marc:subfield>
      </marc:datafield>
      <marc:datafield tag="650" ind1=" " ind2="3">
         <marc:subfield code="a">phosphorus fertilizers</marc:subfield>
      </marc:datafield>
      <marc:datafield tag="650" ind1=" " ind2="3">
         <marc:subfield code="a">soybeans</marc:subfield>
      </marc:datafield>
      <marc:datafield tag="650" ind1=" " ind2="3">
         <marc:subfield code="a">surveys</marc:subfield>
      </marc:datafield>
      <marc:datafield tag="650" ind1=" " ind2="3">
         <marc:subfield code="a">winter</marc:subfield>
      </marc:datafield>
      <marc:datafield tag="651" ind1=" " ind2="3">
         <marc:subfield code="a">Argentina</marc:subfield>
      </marc:datafield>
      <marc:datafield tag="653" ind1=" " ind2="0">
         <marc:subfield code="a">Ya</marc:subfield>
      </marc:datafield>
      <marc:datafield tag="653" ind1=" " ind2="0">
         <marc:subfield code="a">Ywlim</marc:subfield>
      </marc:datafield>
      <marc:datafield tag="653" ind1=" " ind2="0">
         <marc:subfield code="a">Yg</marc:subfield>
      </marc:datafield>
      <marc:datafield tag="653" ind1=" " ind2="0">
         <marc:subfield code="a">Glycine max (L.) Merr.</marc:subfield>
      </marc:datafield>
      <marc:datafield tag="653" ind1=" " ind2="0">
         <marc:subfield code="a">Actual farmers’ yield</marc:subfield>
      </marc:datafield>
      <marc:datafield tag="653" ind1=" " ind2="0">
         <marc:subfield code="a">Water-limited yield potential</marc:subfield>
      </marc:datafield>
      <marc:datafield tag="653" ind1=" " ind2="0">
         <marc:subfield code="a">Regression tree</marc:subfield>
      </marc:datafield>
      <marc:datafield tag="653" ind1=" " ind2="0">
         <marc:subfield code="a">Spatial analysis</marc:subfield>
      </marc:datafield>
      <marc:datafield tag="700" ind1="1" ind2=" ">
         <marc:subfield code="a">Cipriotti, Pablo A.</marc:subfield>
         <marc:subfield code="e">author</marc:subfield>
         <marc:subfield code="u">Universidad de Buenos Aires – CONICET, Facultad de Agronomía – IFEVA,
        Departamento de Métodos Cuantitativos y Sistemas de Información, C1417DSE, Ciudad Autónoma
        de Buenos Aires, Argentina</marc:subfield>
      </marc:datafield>
      <marc:datafield tag="700" ind1="1" ind2=" ">
         <marc:subfield code="a">Gallo, Santiago</marc:subfield>
         <marc:subfield code="e">author</marc:subfield>
         <marc:subfield code="u">Asociación Argentina de Consorcios Regionales de Experimentación Agrícola,
        C1041AAZ, Ciudad Autónoma de Buenos Aires, Argentina</marc:subfield>
      </marc:datafield>
      <marc:datafield tag="700" ind1="1" ind2=" ">
         <marc:subfield code="a">Rotundo, José L.</marc:subfield>
         <marc:subfield code="e">author</marc:subfield>
         <marc:subfield code="u">Instituto de Investigaciones en Ciencias Agrarias de Rosario – CONICET,
        Facultad de Ciencias Agrarias, Universidad Nacional de Rosario, S2125AA, Zavalla, Santa Fe,
        Argentina</marc:subfield>
         <marc:subfield code="1">https://orcid.org/0000-0002-2004-8680</marc:subfield>
      </marc:datafield>
      <marc:datafield tag="773" ind1="0" ind2=" ">
         <marc:subfield code="t">European journal of agronomy.</marc:subfield>
         <marc:subfield code="g">2018 Sept., v. 99 p.186-194</marc:subfield>
         <marc:subfield code="d">Elsevier B.V.</marc:subfield>
         <marc:subfield code="w">Journal:jnl49616</marc:subfield>
         <marc:subfield code="x">1161-0301</marc:subfield>
         <marc:subfield code="7">nnas</marc:subfield>
      </marc:datafield>
      <marc:datafield tag="787" ind1="1" ind2=" ">
         <marc:subfield code="o">islandora_article_repository</marc:subfield>
      </marc:datafield>
      <marc:datafield tag="787" ind1="1" ind2=" ">
         <marc:subfield code="o">product_pubag</marc:subfield>
      </marc:datafield>
      <marc:datafield tag="787" ind1="1" ind2=" ">
         <marc:subfield code="o">(Journal)jnl49616</marc:subfield>
      </marc:datafield>
      <marc:datafield tag="856" ind1="4" ind2="0">
         <marc:subfield code="u">https://dx.doi.org/10.1016/j.eja.2018.04.012</marc:subfield>
         <marc:subfield code="3">Available from publisher's site</marc:subfield>
      </marc:datafield>
      <marc:datafield tag="912" ind1=" " ind2=" ">
         <marc:subfield code="a">Article</marc:subfield>
      </marc:datafield>
      <marc:datafield tag="914" ind1=" " ind2=" ">
         <marc:subfield code="a">Journal:jnl49616</marc:subfield>
         <marc:subfield code="b">1161-0301</marc:subfield>
         <marc:subfield code="c">99</marc:subfield>
         <marc:subfield code="e">186</marc:subfield>
      </marc:datafield>
      <marc:datafield tag="914" ind1=" " ind2=" ">
         <marc:subfield code="f">European journal of agronomy</marc:subfield>
      </marc:datafield>
      <marc:datafield tag="916" ind1=" " ind2=" ">
         <marc:subfield code="a">Batch:2085</marc:subfield>
      </marc:datafield>
      <marc:datafield tag="917" ind1=" " ind2=" ">
         <marc:subfield code="a">issued</marc:subfield>
      </marc:datafield>
      <marc:datafield tag="918" ind1="2" ind2=" ">
         <marc:subfield code="a">Elsevier Consyn</marc:subfield>
         <marc:subfield code="e">provider</marc:subfield>
         <marc:subfield code="5">DNAL</marc:subfield>
      </marc:datafield>
      <marc:datafield tag="935" ind1=" " ind2=" ">
         <marc:subfield code="a">IND606133215</marc:subfield>
         <marc:subfield code="9">ExL</marc:subfield>
      </marc:datafield>
      <marc:datafield tag="949" ind1=" " ind2=" ">
         <marc:subfield code="a">2019-07-05</marc:subfield>
      </marc:datafield>
      <marc:datafield tag="953" ind1=" " ind2=" ">
         <marc:subfield code="a">/data/metadata/incoming/consyn/727444915361773911-00002-HEAD-ONLY-REVISEDSUBJECTLIST.zip</marc:subfield>
      </marc:datafield>
      <marc:datafield tag="954" ind1=" " ind2=" ">
         <marc:subfield code="a">file:/data/metadata/staging/consyn/S1161030118300947.xml</marc:subfield>
      </marc:datafield>
      <marc:datafield tag="955" ind1=" " ind2=" ">
         <marc:subfield code="a">/data/metadata/staging/consyn/</marc:subfield>
      </marc:datafield>
      <marc:datafield tag="974" ind1=" " ind2=" ">
         <marc:subfield code="a">agid:6133215</marc:subfield>
      </marc:datafield>
      <marc:datafield tag="983" ind1=" " ind2=" ">
         <marc:subfield code="a">2019-07-05</marc:subfield>
      </marc:datafield>
      <marc:datafield tag="984" ind1=" " ind2=" ">
         <marc:subfield code="a">2019-07-05</marc:subfield>
      </marc:datafield>
   </marc:record>