
   <marc:record>
      <marc:leader>03937nab a2200553 u 4500</marc:leader>
      <marc:controlfield tag="001">9915879295007426</marc:controlfield>
      <marc:controlfield tag="005">20221119074428.0</marc:controlfield>
      <marc:controlfield tag="008">030709e200301 ne |||||o|||||||||||eng||</marc:controlfield>
      <marc:datafield tag="016" ind1="7" ind2=" ">
         <marc:subfield code="a">IND23334334</marc:subfield>
         <marc:subfield code="2">DNAL</marc:subfield>
      </marc:datafield>
      <marc:datafield tag="035" ind1=" " ind2=" ">
         <marc:subfield code="a">agid:2773599-01nal_inst</marc:subfield>
      </marc:datafield>
      <marc:datafield tag="040" ind1=" " ind2=" ">
         <marc:subfield code="a">AGL</marc:subfield>
         <marc:subfield code="b">eng</marc:subfield>
         <marc:subfield code="c">AGL</marc:subfield>
      </marc:datafield>
      <marc:datafield tag="100" ind1="1" ind2=" ">
         <marc:subfield code="a">Wesemael, B. van.</marc:subfield>
      </marc:datafield>
      <marc:datafield tag="245" ind1="1" ind2="4">
         <marc:subfield code="a">The impact of soil properties and topography on drought vulnerability of
        rainfed cropping systems in southern Spain</marc:subfield>
      </marc:datafield>
      <marc:datafield tag="300" ind1=" " ind2=" ">
         <marc:subfield code="a">p. 1-15.</marc:subfield>
      </marc:datafield>
      <marc:datafield tag="500" ind1=" " ind2=" ">
         <marc:subfield code="a">2019-12-05</marc:subfield>
      </marc:datafield>
      <marc:datafield tag="520" ind1=" " ind2=" ">
         <marc:subfield code="a">The acreage of rainfed almond plantations (Prunus dulcis (Miller)) in Spain
        has rapidly increased during the last 30 years, reflecting a tendency towards specialisation
        in perennial, rainfed crops in many Mediterranean regions. Seminatural vegetation and
        diverse cropping systems have been converted into monocultures with low tree densities
        leaving the soil unprotected. This paper illustrates the contrast in water conservation
        strategies between traditional and modern almond plantations in the Murcia region (Spain),
        and highlights the impacts of intensification on soil degradation. The role of lateral and
        vertical redistribution of soil moisture in water conservation will be discussed based on
        the analysis of soil moisture retention characteristics, temporal variation in soil moisture
        content and soil moisture patterns. A traditional cereal/almond cropping system typical for
        marl areas with a subdued relief will be compared to a modern almond monoculture in a highly
        dissected landscape on slate bedrock. The low water holding capacity of the stony soil in
        the slate area caused rainfall to penetrate deep in the profile and thus soil moisture
        fluxes were mainly vertical. Semivariograms of topsoil moisture content after an isolated
        rain day (19 and 27 mm for the nearest raingauges) demonstrated the differences in lateral
        redistribution of soil moisture between the cropping systems. A spatial pattern in the marl
        soil with a range of 69 m was observed, whereas soil moisture in the slate area showed no
        spatial pattern except for higher values in the narrow valley bottom. The scarcity of
        rainfall producing lateral redistribution of soil moisture explained the lack of reliable
        moisture supply in the marl area. This led to very low overall plant densities at 16 trees
        ha(-1), restricted to wetter zones upstream of retention dams. The redistribution of soil
        moisture by vertical fluxes in the stony soils of the slate area explained the uniform,
        widely spaced trees at densities of 204 trees ha(-1). This study has highlighted the need
        for rainfall to penetrate deep into the soil to sustain almond monocultures in semiarid
        climates. However, this requires a loose, bare topsoil between the trees and thus large
        areas of bare soil are exposed on hillslopes resulting in high erosion risks.</marc:subfield>
      </marc:datafield>
      <marc:datafield tag="650" ind1=" " ind2="3">
         <marc:subfield code="a">topography</marc:subfield>
      </marc:datafield>
      <marc:datafield tag="650" ind1=" " ind2="3">
         <marc:subfield code="a">water conservation</marc:subfield>
      </marc:datafield>
      <marc:datafield tag="650" ind1=" " ind2="3">
         <marc:subfield code="a">cropping systems</marc:subfield>
      </marc:datafield>
      <marc:datafield tag="650" ind1=" " ind2="3">
         <marc:subfield code="a">drought</marc:subfield>
      </marc:datafield>
      <marc:datafield tag="650" ind1=" " ind2="3">
         <marc:subfield code="a">water stress</marc:subfield>
      </marc:datafield>
      <marc:datafield tag="650" ind1=" " ind2="3">
         <marc:subfield code="a">dryland farming</marc:subfield>
      </marc:datafield>
      <marc:datafield tag="650" ind1=" " ind2="3">
         <marc:subfield code="a">rain</marc:subfield>
      </marc:datafield>
      <marc:datafield tag="650" ind1=" " ind2="3">
         <marc:subfield code="a">soil degradation</marc:subfield>
      </marc:datafield>
      <marc:datafield tag="650" ind1=" " ind2="3">
         <marc:subfield code="a">topsoil</marc:subfield>
      </marc:datafield>
      <marc:datafield tag="650" ind1=" " ind2="3">
         <marc:subfield code="a">water holding capacity</marc:subfield>
      </marc:datafield>
      <marc:datafield tag="650" ind1=" " ind2="3">
         <marc:subfield code="a">Prunus dulcis</marc:subfield>
      </marc:datafield>
      <marc:datafield tag="651" ind1=" " ind2="3">
         <marc:subfield code="a">Spain</marc:subfield>
      </marc:datafield>
      <marc:datafield tag="653" ind1=" " ind2="0">
         <marc:subfield code="a">soil</marc:subfield>
      </marc:datafield>
      <marc:datafield tag="700" ind1="1" ind2=" ">
         <marc:subfield code="a">Cammeraat, E.</marc:subfield>
      </marc:datafield>
      <marc:datafield tag="700" ind1="1" ind2=" ">
         <marc:subfield code="a">Mulligan, M.</marc:subfield>
      </marc:datafield>
      <marc:datafield tag="700" ind1="1" ind2=" ">
         <marc:subfield code="a">Burke, S.</marc:subfield>
      </marc:datafield>
      <marc:datafield tag="773" ind1="0" ind2=" ">
         <marc:subfield code="t">Agriculture, ecosystems &amp; environment.</marc:subfield>
         <marc:subfield code="g">2003 Jan., v. 94, no. 1 p.1-15</marc:subfield>
         <marc:subfield code="x">0167-8809</marc:subfield>
         <marc:subfield code="7">nnas</marc:subfield>
      </marc:datafield>
      <marc:datafield tag="787" ind1="1" ind2=" ">
         <marc:subfield code="o">islandora_article_repository</marc:subfield>
      </marc:datafield>
      <marc:datafield tag="787" ind1="1" ind2=" ">
         <marc:subfield code="o">(Journal)jnl34709</marc:subfield>
      </marc:datafield>
      <marc:datafield tag="852" ind1=" " ind2=" ">
         <marc:subfield code="a">DNAL</marc:subfield>
      </marc:datafield>
      <marc:datafield tag="912" ind1=" " ind2=" ">
         <marc:subfield code="a">Article</marc:subfield>
      </marc:datafield>
      <marc:datafield tag="914" ind1=" " ind2=" ">
         <marc:subfield code="a">Journal:jnl34709</marc:subfield>
      </marc:datafield>
      <marc:datafield tag="914" ind1=" " ind2=" ">
         <marc:subfield code="f">Agric. ecosyst. environ</marc:subfield>
      </marc:datafield>
      <marc:datafield tag="917" ind1=" " ind2=" ">
         <marc:subfield code="a">issued</marc:subfield>
      </marc:datafield>
      <marc:datafield tag="930" ind1=" " ind2=" ">
         <marc:subfield code="a">20030903</marc:subfield>
         <marc:subfield code="b">20030905</marc:subfield>
         <marc:subfield code="c">00000000</marc:subfield>
      </marc:datafield>
      <marc:datafield tag="935" ind1=" " ind2=" ">
         <marc:subfield code="a">IND23334334</marc:subfield>
         <marc:subfield code="9">ExL</marc:subfield>
      </marc:datafield>
      <marc:datafield tag="945" ind1=" " ind2=" ">
         <marc:subfield code="a">IND</marc:subfield>
         <marc:subfield code="d">CTR</marc:subfield>
      </marc:datafield>
      <marc:datafield tag="946" ind1=" " ind2=" ">
         <marc:subfield code="a">Non-US</marc:subfield>
      </marc:datafield>
      <marc:datafield tag="952" ind1=" " ind2=" ">
         <marc:subfield code="a">20030903 20030905 00000000</marc:subfield>
         <marc:subfield code="b">IND CTR </marc:subfield>
      </marc:datafield>
      <marc:datafield tag="974" ind1=" " ind2=" ">
         <marc:subfield code="a">agid:2773599</marc:subfield>
      </marc:datafield>
      <marc:datafield tag="984" ind1=" " ind2=" ">
         <marc:subfield code="a">2014-12-22</marc:subfield>
      </marc:datafield>
      <marc:datafield tag="985" ind1=" " ind2=" ">
         <marc:subfield code="a">Converted from MARCXML to MODS version 3.4 using MARC21slim2MODS3-4.xsl
        (Revision 1.95 2014/04/23)</marc:subfield>
      </marc:datafield>
      <marc:datafield tag="986" ind1=" " ind2=" ">
         <marc:subfield code="a">3597426</marc:subfield>
      </marc:datafield>
   </marc:record>