
   <marc:record>
      <marc:leader>04618nab a2200721 u 4500</marc:leader>
      <marc:controlfield tag="001">9915879749207426</marc:controlfield>
      <marc:controlfield tag="005">20221119080116.0</marc:controlfield>
      <marc:controlfield tag="008">070725e20070731xx |||||o|||||||||||eng||</marc:controlfield>
      <marc:datafield tag="016" ind1="7" ind2=" ">
         <marc:subfield code="a">IND43934533</marc:subfield>
         <marc:subfield code="2">DNAL</marc:subfield>
      </marc:datafield>
      <marc:datafield tag="024" ind1="7" ind2=" ">
         <marc:subfield code="a">10.1016/j.foreco.2007.04.032</marc:subfield>
         <marc:subfield code="2">doi</marc:subfield>
      </marc:datafield>
      <marc:datafield tag="024" ind1="7" ind2=" ">
         <marc:subfield code="a">10113/1230</marc:subfield>
         <marc:subfield code="2">hdl</marc:subfield>
      </marc:datafield>
      <marc:datafield tag="035" ind1=" " ind2=" ">
         <marc:subfield code="a">agid:1230-01nal_inst</marc:subfield>
      </marc:datafield>
      <marc:datafield tag="040" ind1=" " ind2=" ">
         <marc:subfield code="a">AGL</marc:subfield>
         <marc:subfield code="b">eng</marc:subfield>
         <marc:subfield code="c">AGL</marc:subfield>
      </marc:datafield>
      <marc:datafield tag="072" ind1=" " ind2="0">
         <marc:subfield code="a">F600</marc:subfield>
      </marc:datafield>
      <marc:datafield tag="072" ind1=" " ind2="0">
         <marc:subfield code="a">K001</marc:subfield>
      </marc:datafield>
      <marc:datafield tag="072" ind1=" " ind2="0">
         <marc:subfield code="a">J200</marc:subfield>
      </marc:datafield>
      <marc:datafield tag="072" ind1=" " ind2="0">
         <marc:subfield code="a">P200</marc:subfield>
      </marc:datafield>
      <marc:datafield tag="100" ind1="1" ind2=" ">
         <marc:subfield code="a">Snyder, K.A.</marc:subfield>
      </marc:datafield>
      <marc:datafield tag="245" ind1="1" ind2="0">
         <marc:subfield code="a">Root allocation and water uptake patterns in riparian tree saplings:
        Responses to irrigation and defoliation</marc:subfield>
      </marc:datafield>
      <marc:datafield tag="300" ind1=" " ind2=" ">
         <marc:subfield code="a">p. 222-231.</marc:subfield>
      </marc:datafield>
      <marc:datafield tag="500" ind1=" " ind2=" ">
         <marc:subfield code="a">Includes references</marc:subfield>
      </marc:datafield>
      <marc:datafield tag="520" ind1=" " ind2=" ">
         <marc:subfield code="a">The genus Populus relies on shallow groundwater for successful recruitment
        and is often the focus of riparian restoration efforts. Under some circumstances mature
        trees take up a substantial proportion of their water from unsaturated soil water derived
        from growing season rainfall, but it is unknown how Populus saplings may alter root
        allocation patterns and water use in response to water availability and carbon limitations.
        Although it has been inferred that root allocation differs with changes in water uptake
        patterns as determined with stable isotope studies, this notion has rarely been tested. We
        conducted a glasshouse experiment with Populus fremontii (Fremont cottonwood) saplings to
        determine how allocation to fine and coarse roots, leaf gas exchange, root respiration and
        water uptake from hydrologically isolated upper and lower soil compartments would be altered
        by above- and belowground resource limitations. Aboveground carbon limitations were imposed
        with defoliation. Belowground resource limitations were imposed by maintaining high or low
        soil water availability in lower soil compartment. Isotopically labeled water was supplied
        in pulses to upper soil compartments to determine the proportion of transpiration water
        derived from each compartment. Above- and belowground resource limitations differentially
        altered use of surface water pulses and affected patterns of fine root allocation.
        Proportional use of water sources was plastic and changed in response to water availability
        and defoliation. Changes in fine root biomass allocation were associated with changes in
        water-source use for water-stressed plants. Defoliated plants in both watering treatments
        used proportionally less of the surface pulse than undefoliated plants. In contrast, plants
        that were water limited, but not carbon limited had a higher ratio of shallow fine roots to
        deep fine roots and took up proportionally more water from the surface pulse. These data
        suggest that carbon limited saplings take up less water with shallow roots. Thus, P.
        fremontii exhibited belowground allocation tradeoffs in response to spatial heterogeneity of
        soil water and carbon limitations. Furthermore, our data suggest that successful recruitment
        events may be influenced by the occurrence of summer rainfall, and by factors affecting
        canopy carbon gain.</marc:subfield>
      </marc:datafield>
      <marc:datafield tag="593" ind1=" " ind2=" ">
         <marc:subfield code="a">PubAg article</marc:subfield>
      </marc:datafield>
      <marc:datafield tag="593" ind1=" " ind2=" ">
         <marc:subfield code="c">USDA submission</marc:subfield>
      </marc:datafield>
      <marc:datafield tag="650" ind1=" " ind2="3">
         <marc:subfield code="a">Populus fremontii</marc:subfield>
      </marc:datafield>
      <marc:datafield tag="650" ind1=" " ind2="3">
         <marc:subfield code="a">roots</marc:subfield>
      </marc:datafield>
      <marc:datafield tag="650" ind1=" " ind2="3">
         <marc:subfield code="a">cell respiration</marc:subfield>
      </marc:datafield>
      <marc:datafield tag="650" ind1=" " ind2="3">
         <marc:subfield code="a">forest trees</marc:subfield>
      </marc:datafield>
      <marc:datafield tag="650" ind1=" " ind2="3">
         <marc:subfield code="a">water uptake</marc:subfield>
      </marc:datafield>
      <marc:datafield tag="650" ind1=" " ind2="3">
         <marc:subfield code="a">leaves</marc:subfield>
      </marc:datafield>
      <marc:datafield tag="650" ind1=" " ind2="3">
         <marc:subfield code="a">gas exchange</marc:subfield>
      </marc:datafield>
      <marc:datafield tag="650" ind1=" " ind2="3">
         <marc:subfield code="a">carbon</marc:subfield>
      </marc:datafield>
      <marc:datafield tag="650" ind1=" " ind2="3">
         <marc:subfield code="a">dry matter partitioning</marc:subfield>
      </marc:datafield>
      <marc:datafield tag="650" ind1=" " ind2="3">
         <marc:subfield code="a">root growth</marc:subfield>
      </marc:datafield>
      <marc:datafield tag="650" ind1=" " ind2="3">
         <marc:subfield code="a">soil water</marc:subfield>
      </marc:datafield>
      <marc:datafield tag="650" ind1=" " ind2="3">
         <marc:subfield code="a">water table</marc:subfield>
      </marc:datafield>
      <marc:datafield tag="653" ind1=" " ind2="0">
         <marc:subfield code="a">water-use patterns</marc:subfield>
      </marc:datafield>
      <marc:datafield tag="653" ind1=" " ind2="0">
         <marc:subfield code="a">water availability</marc:subfield>
      </marc:datafield>
      <marc:datafield tag="653" ind1=" " ind2="0">
         <marc:subfield code="a">shallow soil water</marc:subfield>
      </marc:datafield>
      <marc:datafield tag="700" ind1="1" ind2=" ">
         <marc:subfield code="a">Williams, D.G.</marc:subfield>
      </marc:datafield>
      <marc:datafield tag="773" ind1="0" ind2=" ">
         <marc:subfield code="t">Forest ecology and management.</marc:subfield>
         <marc:subfield code="g">2007 July 31, v. 246, no. 2-3 p.222-231</marc:subfield>
         <marc:subfield code="x">0378-1127</marc:subfield>
         <marc:subfield code="7">nnas</marc:subfield>
      </marc:datafield>
      <marc:datafield tag="787" ind1="1" ind2=" ">
         <marc:subfield code="o">product_pubag</marc:subfield>
      </marc:datafield>
      <marc:datafield tag="787" ind1="1" ind2=" ">
         <marc:subfield code="o">islandora_article_repository</marc:subfield>
      </marc:datafield>
      <marc:datafield tag="787" ind1="1" ind2=" ">
         <marc:subfield code="o">islandora_pubag_with_text</marc:subfield>
      </marc:datafield>
      <marc:datafield tag="787" ind1="1" ind2=" ">
         <marc:subfield code="o">(Journal)jnl9013</marc:subfield>
      </marc:datafield>
      <marc:datafield tag="852" ind1=" " ind2=" ">
         <marc:subfield code="a">DNAL</marc:subfield>
      </marc:datafield>
      <marc:datafield tag="856" ind1="4" ind2="0">
         <marc:subfield code="u">https://handle.nal.usda.gov/10113/1230</marc:subfield>
         <marc:subfield code="3">Available in the National Agricultural Library PubAg search
        system</marc:subfield>
      </marc:datafield>
      <marc:datafield tag="856" ind1="4" ind2="0">
         <marc:subfield code="u">http://dx.doi.org/10.1016/j.foreco.2007.04.032</marc:subfield>
         <marc:subfield code="3">Available from publisher's Web site</marc:subfield>
      </marc:datafield>
      <marc:datafield tag="912" ind1=" " ind2=" ">
         <marc:subfield code="a">Article</marc:subfield>
      </marc:datafield>
      <marc:datafield tag="914" ind1=" " ind2=" ">
         <marc:subfield code="a">Journal:jnl9013</marc:subfield>
         <marc:subfield code="b">0378-1127</marc:subfield>
         <marc:subfield code="c">246</marc:subfield>
         <marc:subfield code="d">2-3</marc:subfield>
         <marc:subfield code="e">222</marc:subfield>
      </marc:datafield>
      <marc:datafield tag="914" ind1=" " ind2=" ">
         <marc:subfield code="f">Forest ecology and management</marc:subfield>
      </marc:datafield>
      <marc:datafield tag="917" ind1=" " ind2=" ">
         <marc:subfield code="a">issued</marc:subfield>
      </marc:datafield>
      <marc:datafield tag="930" ind1=" " ind2=" ">
         <marc:subfield code="a">20070728</marc:subfield>
         <marc:subfield code="b">20070802</marc:subfield>
         <marc:subfield code="c">00000000</marc:subfield>
      </marc:datafield>
      <marc:datafield tag="935" ind1=" " ind2=" ">
         <marc:subfield code="a">IND43934533</marc:subfield>
         <marc:subfield code="9">ExL</marc:subfield>
      </marc:datafield>
      <marc:datafield tag="945" ind1=" " ind2=" ">
         <marc:subfield code="a">IND</marc:subfield>
         <marc:subfield code="d">LYN</marc:subfield>
         <marc:subfield code="e">2007/07/28</marc:subfield>
      </marc:datafield>
      <marc:datafield tag="946" ind1=" " ind2=" ">
         <marc:subfield code="a">Non-US</marc:subfield>
      </marc:datafield>
      <marc:datafield tag="949" ind1=" " ind2=" ">
         <marc:subfield code="a">2014-07-17</marc:subfield>
      </marc:datafield>
      <marc:datafield tag="952" ind1=" " ind2=" ">
         <marc:subfield code="a">20070728 20070802 00000000</marc:subfield>
         <marc:subfield code="b">IND LYN 2007/07/28</marc:subfield>
      </marc:datafield>
      <marc:datafield tag="961" ind1=" " ind2=" ">
         <marc:subfield code="a">USDA/ARS</marc:subfield>
      </marc:datafield>
      <marc:datafield tag="974" ind1=" " ind2=" ">
         <marc:subfield code="a">agid:1230</marc:subfield>
      </marc:datafield>
      <marc:datafield tag="984" ind1=" " ind2=" ">
         <marc:subfield code="a">2007-08-02</marc:subfield>
      </marc:datafield>
      <marc:datafield tag="985" ind1=" " ind2=" ">
         <marc:subfield code="a">Converted from MARCXML to MODS version 3.4 using MARC21slim2MODS3-4.xsl
        (Revision 1.95 2014/04/23)</marc:subfield>
      </marc:datafield>
      <marc:datafield tag="986" ind1=" " ind2=" ">
         <marc:subfield code="a">3934533</marc:subfield>
      </marc:datafield>
   </marc:record>