
   <marc:record>
      <marc:leader>08870nab a2200973 u 4500</marc:leader>
      <marc:controlfield tag="001">9915879832707426</marc:controlfield>
      <marc:controlfield tag="005">20221119075940.0</marc:controlfield>
      <marc:controlfield tag="008">211202e202112 xx |||||o|||||||||||eng||</marc:controlfield>
      <marc:datafield tag="016" ind1="7" ind2=" ">
         <marc:subfield code="a">IND607587676</marc:subfield>
         <marc:subfield code="2">DNAL</marc:subfield>
      </marc:datafield>
      <marc:datafield tag="024" ind1="7" ind2=" ">
         <marc:subfield code="a">10.1002/eap.2431</marc:subfield>
         <marc:subfield code="2">doi</marc:subfield>
      </marc:datafield>
      <marc:datafield tag="035" ind1=" " ind2=" ">
         <marc:subfield code="a">agid:7587676-01nal_inst</marc:subfield>
      </marc:datafield>
      <marc:datafield tag="040" ind1=" " ind2=" ">
         <marc:subfield code="a">AGL</marc:subfield>
         <marc:subfield code="b">eng</marc:subfield>
         <marc:subfield code="c">AGL</marc:subfield>
      </marc:datafield>
      <marc:datafield tag="100" ind1="1" ind2=" ">
         <marc:subfield code="a">Hagmann, R. K.</marc:subfield>
         <marc:subfield code="e">author</marc:subfield>
         <marc:subfield code="u">College of the Environment‐SEFS, University of Washington, Seattle,
        Washington, 98195, USA</marc:subfield>
         <marc:subfield code="1">https://orcid.org/0000-0002-1952-7449</marc:subfield>
      </marc:datafield>
      <marc:datafield tag="245" ind1="1" ind2="0">
         <marc:subfield code="a">Evidence for widespread changes in the structure, composition, and fire
        regimes of western North American forests</marc:subfield>
      </marc:datafield>
      <marc:datafield tag="500" ind1=" " ind2=" ">
         <marc:subfield code="a">JOURNAL ARTICLE</marc:subfield>
      </marc:datafield>
      <marc:datafield tag="520" ind1=" " ind2=" ">
         <marc:subfield code="a">Implementation of wildfire‐ and climate‐adaptation strategies in seasonally
        dry forests of western North America is impeded by numerous constraints and uncertainties.
        After more than a century of resource and land use change, some question the need for
        proactive management, particularly given novel social, ecological, and climatic conditions.
        To address this question, we first provide a framework for assessing changes in landscape
        conditions and fire regimes. Using this framework, we then evaluate evidence of change in
        contemporary conditions relative to those maintained by active fire regimes, i.e., those
        uninterrupted by a century or more of human‐induced fire exclusion. The cumulative results
        of more than a century of research document a persistent and substantial fire deficit and
        widespread alterations to ecological structures and functions. These changes are not
        necessarily apparent at all spatial scales or in all dimensions of fire regimes and forest
        and nonforest conditions. Nonetheless, loss of the once abundant influence of low‐ and
        moderate‐severity fires suggests that even the least fire‐prone ecosystems may be affected
        by alteration of the surrounding landscape and, consequently, ecosystem functions.
        Vegetation spatial patterns in fire‐excluded forested landscapes no longer reflect the
        heterogeneity maintained by interacting fires of active fire regimes. Live and dead
        vegetation (surface and canopy fuels) is generally more abundant and continuous than before
        European colonization. As a result, current conditions are more vulnerable to the direct and
        indirect effects of seasonal and episodic increases in drought and fire, especially under a
        rapidly warming climate. Long‐term fire exclusion and contemporaneous social‐ecological
        influences continue to extensively modify seasonally dry forested landscapes. Management
        that realigns or adapts fire‐excluded conditions to seasonal and episodic increases in
        drought and fire can moderate ecosystem transitions as forests and human communities adapt
        to changing climatic and disturbance regimes. As adaptation strategies are developed,
        evaluated, and implemented, objective scientific evaluation of ongoing research and
        monitoring can aid differentiation of warranted and unwarranted uncertainties.</marc:subfield>
      </marc:datafield>
      <marc:datafield tag="592" ind1=" " ind2=" ">
         <marc:subfield code="a">Publisher supplied data</marc:subfield>
      </marc:datafield>
      <marc:datafield tag="593" ind1=" " ind2=" ">
         <marc:subfield code="a">PubAg article</marc:subfield>
      </marc:datafield>
      <marc:datafield tag="596" ind1=" " ind2=" ">
         <marc:subfield code="c">USDA‐FS PSW Research Station</marc:subfield>
      </marc:datafield>
      <marc:datafield tag="596" ind1=" " ind2=" ">
         <marc:subfield code="c">USDI‐FWS, Oregon Fish and Wildlife Office</marc:subfield>
      </marc:datafield>
      <marc:datafield tag="596" ind1=" " ind2=" ">
         <marc:subfield code="c">USDA‐FS, PNW Research Station</marc:subfield>
      </marc:datafield>
      <marc:datafield tag="596" ind1=" " ind2=" ">
         <marc:subfield code="c">California Department of Forestry and Fire Protection</marc:subfield>
      </marc:datafield>
      <marc:datafield tag="596" ind1=" " ind2=" ">
         <marc:subfield code="c">Ecological Restoration Institute</marc:subfield>
      </marc:datafield>
      <marc:datafield tag="596" ind1=" " ind2=" ">
         <marc:subfield code="c">The Nature Conservancy, Oregon</marc:subfield>
      </marc:datafield>
      <marc:datafield tag="596" ind1=" " ind2=" ">
         <marc:subfield code="c">The Wilderness Society</marc:subfield>
      </marc:datafield>
      <marc:datafield tag="596" ind1=" " ind2=" ">
         <marc:subfield code="c">Conservation Northwest</marc:subfield>
      </marc:datafield>
      <marc:datafield tag="596" ind1=" " ind2=" ">
         <marc:subfield code="c">Washington State Department of Natural Resources</marc:subfield>
      </marc:datafield>
      <marc:datafield tag="650" ind1=" " ind2="3">
         <marc:subfield code="a">canopy</marc:subfield>
      </marc:datafield>
      <marc:datafield tag="650" ind1=" " ind2="3">
         <marc:subfield code="a">drought</marc:subfield>
      </marc:datafield>
      <marc:datafield tag="650" ind1=" " ind2="3">
         <marc:subfield code="a">ecosystems</marc:subfield>
      </marc:datafield>
      <marc:datafield tag="650" ind1=" " ind2="3">
         <marc:subfield code="a">humans</marc:subfield>
      </marc:datafield>
      <marc:datafield tag="650" ind1=" " ind2="3">
         <marc:subfield code="a">land use change</marc:subfield>
      </marc:datafield>
      <marc:datafield tag="650" ind1=" " ind2="3">
         <marc:subfield code="a">landscapes</marc:subfield>
      </marc:datafield>
      <marc:datafield tag="651" ind1=" " ind2="3">
         <marc:subfield code="a">North America</marc:subfield>
      </marc:datafield>
      <marc:datafield tag="700" ind1="1" ind2=" ">
         <marc:subfield code="a">Hessburg, P. F.</marc:subfield>
         <marc:subfield code="e">author</marc:subfield>
         <marc:subfield code="u">College of the Environment‐SEFS, University of Washington, Seattle,
        Washington, 98195, USA</marc:subfield>
         <marc:subfield code="1">https://orcid.org/0000-0002-0330-7230</marc:subfield>
      </marc:datafield>
      <marc:datafield tag="700" ind1="1" ind2=" ">
         <marc:subfield code="a">Prichard, S. J.</marc:subfield>
         <marc:subfield code="e">author</marc:subfield>
         <marc:subfield code="u">College of the Environment‐SEFS, University of Washington, Seattle,
        Washington, 98195, USA</marc:subfield>
         <marc:subfield code="1">https://orcid.org/0000-0002-6001-1487</marc:subfield>
      </marc:datafield>
      <marc:datafield tag="700" ind1="1" ind2=" ">
         <marc:subfield code="a">Povak, N. A.</marc:subfield>
         <marc:subfield code="e">author</marc:subfield>
         <marc:subfield code="u">USDA‐FS, Forestry Sciences Laboratory, Pacific Northwest Research Station,
        Wenatchee, Washington, 98801, USA</marc:subfield>
         <marc:subfield code="1">https://orcid.org/0000-0003-1220-7095</marc:subfield>
      </marc:datafield>
      <marc:datafield tag="700" ind1="1" ind2=" ">
         <marc:subfield code="a">Brown, P. M.</marc:subfield>
         <marc:subfield code="e">author</marc:subfield>
         <marc:subfield code="u">Rocky Mountain Tree‐Ring Research, Fort Collins, Colorado, 80526,
        USA</marc:subfield>
      </marc:datafield>
      <marc:datafield tag="700" ind1="1" ind2=" ">
         <marc:subfield code="a">Fulé, P. Z.</marc:subfield>
         <marc:subfield code="e">author</marc:subfield>
         <marc:subfield code="u">School of Forestry, Northern Arizona University, Flagstaff, Arizona, 86011,
        USA</marc:subfield>
      </marc:datafield>
      <marc:datafield tag="700" ind1="1" ind2=" ">
         <marc:subfield code="a">Keane, R. E.</marc:subfield>
         <marc:subfield code="e">author</marc:subfield>
         <marc:subfield code="u">Missoula Fire Sciences Laboratory, USDA‐FS, Rocky Mountain Research
        Station, Missoula, Montana, 59808, USA</marc:subfield>
      </marc:datafield>
      <marc:datafield tag="700" ind1="1" ind2=" ">
         <marc:subfield code="a">Knapp, E. E.</marc:subfield>
         <marc:subfield code="e">author</marc:subfield>
         <marc:subfield code="u">USDA‐FS, Pacific Southwest Research Station, Redding, California, 96002,
        USA</marc:subfield>
      </marc:datafield>
      <marc:datafield tag="700" ind1="1" ind2=" ">
         <marc:subfield code="a">Lydersen, J. M.</marc:subfield>
         <marc:subfield code="e">author</marc:subfield>
         <marc:subfield code="u">Fire and Resource Assessment Program, California Department of Forestry and
        Fire Protection, Sacramento, California, 94244, USA</marc:subfield>
      </marc:datafield>
      <marc:datafield tag="700" ind1="1" ind2=" ">
         <marc:subfield code="a">Metlen, K. L.</marc:subfield>
         <marc:subfield code="e">author</marc:subfield>
         <marc:subfield code="u">The Nature Conservancy, Ashland, Oregon, 97520, USA</marc:subfield>
      </marc:datafield>
      <marc:datafield tag="700" ind1="1" ind2=" ">
         <marc:subfield code="a">Reilly, M. J.</marc:subfield>
         <marc:subfield code="e">author</marc:subfield>
         <marc:subfield code="u">USDA‐FS, Pacific Northwest Research Station, Corvallis, Oregon, 97333,
        USA</marc:subfield>
      </marc:datafield>
      <marc:datafield tag="700" ind1="1" ind2=" ">
         <marc:subfield code="a">Sánchez Meador, A. J.</marc:subfield>
         <marc:subfield code="e">author</marc:subfield>
         <marc:subfield code="u">Ecological Restoration Institute, Northern Arizona University, Flagstaff,
        Arizona, 86011, USA</marc:subfield>
         <marc:subfield code="1">https://orcid.org/0000-0003-4238-8587</marc:subfield>
      </marc:datafield>
      <marc:datafield tag="700" ind1="1" ind2=" ">
         <marc:subfield code="a">Stephens, S. L.</marc:subfield>
         <marc:subfield code="e">author</marc:subfield>
         <marc:subfield code="u">Department of Environmental Science, Policy, and Management, University of
        California–Berkeley, Berkeley, California, 94720, USA</marc:subfield>
      </marc:datafield>
      <marc:datafield tag="700" ind1="1" ind2=" ">
         <marc:subfield code="a">Stevens, J. T.</marc:subfield>
         <marc:subfield code="e">author</marc:subfield>
         <marc:subfield code="u">U.S. Geological Survey, Fort Collins Science Center, New Mexico Landscapes
        Field Station, Santa Fe, New Mexico, 87508, USA</marc:subfield>
         <marc:subfield code="1">https://orcid.org/0000-0002-2234-1960</marc:subfield>
      </marc:datafield>
      <marc:datafield tag="700" ind1="1" ind2=" ">
         <marc:subfield code="a">Taylor, A. H.</marc:subfield>
         <marc:subfield code="e">author</marc:subfield>
         <marc:subfield code="u">Department of Geography, Earth and Environmental Systems Institute, The
        Pennsylvania State University, University Park, Pennsylvania, 16802, USA</marc:subfield>
      </marc:datafield>
      <marc:datafield tag="700" ind1="1" ind2=" ">
         <marc:subfield code="a">Yocom, L. L.</marc:subfield>
         <marc:subfield code="e">author</marc:subfield>
         <marc:subfield code="u">Department of Wildland Resources and the Ecology Center, Utah State
        University, Logan, Utah, 84322, USA</marc:subfield>
      </marc:datafield>
      <marc:datafield tag="700" ind1="1" ind2=" ">
         <marc:subfield code="a">Battaglia, M. A.</marc:subfield>
         <marc:subfield code="e">author</marc:subfield>
         <marc:subfield code="u">USDA‐FS, Rocky Mountain Research Station, Fort Collins, Colorado, 80526,
        USA</marc:subfield>
         <marc:subfield code="1">https://orcid.org/0000-0002-4260-5804</marc:subfield>
      </marc:datafield>
      <marc:datafield tag="700" ind1="1" ind2=" ">
         <marc:subfield code="a">Churchill, D. J.</marc:subfield>
         <marc:subfield code="e">author</marc:subfield>
         <marc:subfield code="u">Washington State Department of Natural Resources, Olympia, Washington,
        98504, USA</marc:subfield>
      </marc:datafield>
      <marc:datafield tag="700" ind1="1" ind2=" ">
         <marc:subfield code="a">Daniels, L. D.</marc:subfield>
         <marc:subfield code="e">author</marc:subfield>
         <marc:subfield code="u">Department of Forest and Conservation Sciences, University of British
        Columbia, Vancouver, British Columbia, V6T 1Z4, Canada</marc:subfield>
      </marc:datafield>
      <marc:datafield tag="700" ind1="1" ind2=" ">
         <marc:subfield code="a">Falk, D. A.</marc:subfield>
         <marc:subfield code="e">author</marc:subfield>
         <marc:subfield code="u">School of Natural Resources and the Environment, University of Arizona,
        Tucson, Arizona, 85721, USA</marc:subfield>
      </marc:datafield>
      <marc:datafield tag="700" ind1="1" ind2=" ">
         <marc:subfield code="a">Henson, P.</marc:subfield>
         <marc:subfield code="e">author</marc:subfield>
         <marc:subfield code="u">Oregon Fish and Wildlife Office, USDI Fish &amp; Wildlife Service,
        Portland, Oregon, 97232, USA</marc:subfield>
      </marc:datafield>
      <marc:datafield tag="700" ind1="1" ind2=" ">
         <marc:subfield code="a">Johnston, J. D.</marc:subfield>
         <marc:subfield code="e">author</marc:subfield>
         <marc:subfield code="u">College of Forestry, Oregon State University, Corvallis, Oregon, 97333,
        USA</marc:subfield>
      </marc:datafield>
      <marc:datafield tag="700" ind1="1" ind2=" ">
         <marc:subfield code="a">Krawchuk, M. A.</marc:subfield>
         <marc:subfield code="e">author</marc:subfield>
         <marc:subfield code="u">College of Forestry, Oregon State University, Corvallis, Oregon, 97333,
        USA</marc:subfield>
         <marc:subfield code="1">https://orcid.org/0000-0002-3240-3117</marc:subfield>
      </marc:datafield>
      <marc:datafield tag="700" ind1="1" ind2=" ">
         <marc:subfield code="a">Levine, C. R.</marc:subfield>
         <marc:subfield code="e">author</marc:subfield>
         <marc:subfield code="u">Spatial Informatics Group, Pleasanton, California, 94566, USA</marc:subfield>
         <marc:subfield code="1">https://orcid.org/0000-0001-8083-6198</marc:subfield>
      </marc:datafield>
      <marc:datafield tag="700" ind1="1" ind2=" ">
         <marc:subfield code="a">Meigs, G. W.</marc:subfield>
         <marc:subfield code="e">author</marc:subfield>
         <marc:subfield code="u">Washington State Department of Natural Resources, Olympia, Washington,
        98504, USA</marc:subfield>
      </marc:datafield>
      <marc:datafield tag="700" ind1="1" ind2=" ">
         <marc:subfield code="a">Merschel, A. G.</marc:subfield>
         <marc:subfield code="e">author</marc:subfield>
         <marc:subfield code="u">College of Forestry, Oregon State University, Corvallis, Oregon, 97333,
        USA</marc:subfield>
      </marc:datafield>
      <marc:datafield tag="700" ind1="1" ind2=" ">
         <marc:subfield code="a">North, M. P.</marc:subfield>
         <marc:subfield code="e">author</marc:subfield>
         <marc:subfield code="u">USDA‐FS, Pacific Southwest Research Station, Mammoth Lakes, California,
        93546, USA</marc:subfield>
      </marc:datafield>
      <marc:datafield tag="700" ind1="1" ind2=" ">
         <marc:subfield code="a">Safford, H. D.</marc:subfield>
         <marc:subfield code="e">author</marc:subfield>
         <marc:subfield code="u">USDA‐FS, Pacific Southwest Region, Vallejo, California, 94592,
        USA</marc:subfield>
      </marc:datafield>
      <marc:datafield tag="700" ind1="1" ind2=" ">
         <marc:subfield code="a">Swetnam, T. W.</marc:subfield>
         <marc:subfield code="e">author</marc:subfield>
         <marc:subfield code="u">Laboratory of Tree‐Ring Research, University of Arizona, Tucson, Arizona,
        85721, USA</marc:subfield>
      </marc:datafield>
      <marc:datafield tag="700" ind1="1" ind2=" ">
         <marc:subfield code="a">Waltz, A. E. M.</marc:subfield>
         <marc:subfield code="e">author</marc:subfield>
         <marc:subfield code="u">Ecological Restoration Institute, Northern Arizona University, Flagstaff,
        Arizona, 86011, USA</marc:subfield>
      </marc:datafield>
      <marc:datafield tag="773" ind1="0" ind2=" ">
         <marc:subfield code="t">Ecological applications.</marc:subfield>
         <marc:subfield code="g">2021 Dec., v. 31, no. 8 p.e02431-</marc:subfield>
         <marc:subfield code="d">John Wiley &amp; Sons, Ltd</marc:subfield>
         <marc:subfield code="w">Journal:jnl47193</marc:subfield>
         <marc:subfield code="x">1051-0761</marc:subfield>
         <marc:subfield code="7">nnas</marc:subfield>
      </marc:datafield>
      <marc:datafield tag="787" ind1="1" ind2=" ">
         <marc:subfield code="o">islandora_article_repository</marc:subfield>
      </marc:datafield>
      <marc:datafield tag="787" ind1="1" ind2=" ">
         <marc:subfield code="o">product_pubag</marc:subfield>
      </marc:datafield>
      <marc:datafield tag="787" ind1="1" ind2=" ">
         <marc:subfield code="o">(Journal)jnl47193</marc:subfield>
      </marc:datafield>
      <marc:datafield tag="856" ind1="4" ind2="0">
         <marc:subfield code="u">https://dx.doi.org/10.1002/eap.2431</marc:subfield>
         <marc:subfield code="3">Available from publisher's site</marc:subfield>
      </marc:datafield>
      <marc:datafield tag="912" ind1=" " ind2=" ">
         <marc:subfield code="a">Article</marc:subfield>
      </marc:datafield>
      <marc:datafield tag="914" ind1=" " ind2=" ">
         <marc:subfield code="a">Journal:jnl47193</marc:subfield>
         <marc:subfield code="b">1051-0761</marc:subfield>
         <marc:subfield code="c">31</marc:subfield>
         <marc:subfield code="d">8</marc:subfield>
         <marc:subfield code="e">e02431</marc:subfield>
      </marc:datafield>
      <marc:datafield tag="914" ind1=" " ind2=" ">
         <marc:subfield code="f">Ecological applications</marc:subfield>
      </marc:datafield>
      <marc:datafield tag="916" ind1=" " ind2=" ">
         <marc:subfield code="a">Batch:10216</marc:subfield>
      </marc:datafield>
      <marc:datafield tag="917" ind1=" " ind2=" ">
         <marc:subfield code="a">issued</marc:subfield>
      </marc:datafield>
      <marc:datafield tag="918" ind1="2" ind2=" ">
         <marc:subfield code="a">John Wiley &amp; Sons, Inc</marc:subfield>
         <marc:subfield code="e">provider</marc:subfield>
         <marc:subfield code="5">DNAL</marc:subfield>
      </marc:datafield>
      <marc:datafield tag="935" ind1=" " ind2=" ">
         <marc:subfield code="a">IND607587676</marc:subfield>
         <marc:subfield code="9">ExL</marc:subfield>
      </marc:datafield>
      <marc:datafield tag="949" ind1=" " ind2=" ">
         <marc:subfield code="a">2022-02-23</marc:subfield>
      </marc:datafield>
      <marc:datafield tag="952" ind1=" " ind2=" ">
         <marc:subfield code="d">NAL-AP-2-clean</marc:subfield>
      </marc:datafield>
      <marc:datafield tag="953" ind1=" " ind2=" ">
         <marc:subfield code="a">/data/metadata/incoming/wiley/10510761_2021_31_8.xml</marc:subfield>
      </marc:datafield>
      <marc:datafield tag="954" ind1=" " ind2=" ">
         <marc:subfield code="a">file:/data/metadata/staging/wiley/10510761_2021_31_8.xml</marc:subfield>
      </marc:datafield>
      <marc:datafield tag="955" ind1=" " ind2=" ">
         <marc:subfield code="a">/data/metadata/staging/wiley/</marc:subfield>
      </marc:datafield>
      <marc:datafield tag="961" ind1=" " ind2=" ">
         <marc:subfield code="a">USDA/FS</marc:subfield>
      </marc:datafield>
      <marc:datafield tag="974" ind1=" " ind2=" ">
         <marc:subfield code="a">agid:7587676</marc:subfield>
      </marc:datafield>
      <marc:datafield tag="983" ind1=" " ind2=" ">
         <marc:subfield code="a">2021-12-02</marc:subfield>
      </marc:datafield>
      <marc:datafield tag="984" ind1=" " ind2=" ">
         <marc:subfield code="a">2022-02-19</marc:subfield>
      </marc:datafield>
   </marc:record>