
   <marc:record>
      <marc:leader>04621nab a2200661 u 4500</marc:leader>
      <marc:controlfield tag="001">9915880015507426</marc:controlfield>
      <marc:controlfield tag="005">20221119080744.0</marc:controlfield>
      <marc:controlfield tag="008">220225e202202 xx |||||o|||||||||||eng||</marc:controlfield>
      <marc:datafield tag="016" ind1="7" ind2=" ">
         <marc:subfield code="a">IND607676574</marc:subfield>
         <marc:subfield code="2">DNAL</marc:subfield>
      </marc:datafield>
      <marc:datafield tag="024" ind1="7" ind2=" ">
         <marc:subfield code="a">10.1007/s10653-021-00853-x</marc:subfield>
         <marc:subfield code="2">doi</marc:subfield>
      </marc:datafield>
      <marc:datafield tag="035" ind1=" " ind2=" ">
         <marc:subfield code="a">agid:7676574-01nal_inst</marc:subfield>
      </marc:datafield>
      <marc:datafield tag="040" ind1=" " ind2=" ">
         <marc:subfield code="a">AGL</marc:subfield>
         <marc:subfield code="b">eng</marc:subfield>
         <marc:subfield code="c">AGL</marc:subfield>
      </marc:datafield>
      <marc:datafield tag="100" ind1="1" ind2=" ">
         <marc:subfield code="a">Linnik, Vitaly G.</marc:subfield>
         <marc:subfield code="e">author</marc:subfield>
         <marc:subfield code="u">Institute of Geochemistry and Analytical Chemistry, Russian Academy of
        Sciences, Moscow, 119991, Russian Federation</marc:subfield>
         <marc:subfield code="1">https://orcid.org/0000-0002-1667-3811</marc:subfield>
      </marc:datafield>
      <marc:datafield tag="245" ind1="1" ind2="0">
         <marc:subfield code="a">Analysis and assessment of heavy metal contamination in the vicinity of
        Lake Atamanskoe (Rostov region, Russia) using multivariate statistical methods</marc:subfield>
      </marc:datafield>
      <marc:datafield tag="300" ind1=" " ind2=" ">
         <marc:subfield code="a">p. 511-526.</marc:subfield>
      </marc:datafield>
      <marc:datafield tag="520" ind1=" " ind2=" ">
         <marc:subfield code="a">Assessment of spatial patterns of potentially toxic metals is one of the
        most urgent tasks in soil chemistry. In this study, descriptive statistics and three methods
        of multivariate statistical analysis, such as the hierarchical cluster analysis (HCA),
        correlation analysis, and conditional inference tree (CIT), were used to identify patterns
        and potential sources of heavy metals (Co, Ni, Cu, Cr, Pb, MnO, and Zn). The investigation
        was carried out on 81 sample points, using 20 testing parameters. A strong positive
        correlation found among Ni, Cu, Zn, and HCA results has confirmed the common origin of the
        elements from waste discharge. Hierarchical CA divided the 81 test sites into 5 classes
        based on the soil quality and HMs contamination similarity. Regression trees for Cr, Pb, Zn,
        and Cu were verified by the splitting factor including HMs content and soil chemistry
        factors. The CIT has revealed that the elements (Cr, Pb, Zn, and Cu) concentration values
        are split at the first level by some other metal, indicating common anthropogenic impact
        resulting from industrial waste discharges. The factors at the next hierarchical level of
        splitting, in addition to the HMs, include compounds belonging to soil chemistry variables
        (SiO₂, Al₂O₃, and K₂O). The CIT nonlinear regression model is in good agreement with the
        data: R² values for log-transformed concentrations of Cr, Pb, Zn, and Cu are equal to 0.775;
        0.774; 0.775; 0.804, respectively.</marc:subfield>
      </marc:datafield>
      <marc:datafield tag="592" ind1=" " ind2=" ">
         <marc:subfield code="a">Publisher supplied data</marc:subfield>
      </marc:datafield>
      <marc:datafield tag="593" ind1=" " ind2=" ">
         <marc:subfield code="a">PubAg article</marc:subfield>
      </marc:datafield>
      <marc:datafield tag="596" ind1=" " ind2=" ">
         <marc:subfield code="a">0852-2020-0029</marc:subfield>
         <marc:subfield code="c">The Ministry of Science and Higher Education of the Russian
        federation</marc:subfield>
      </marc:datafield>
      <marc:datafield tag="596" ind1=" " ind2=" ">
         <marc:subfield code="a">19-34-60041</marc:subfield>
         <marc:subfield code="c">Russian Foundation for Basic Research</marc:subfield>
      </marc:datafield>
      <marc:datafield tag="596" ind1=" " ind2=" ">
         <marc:subfield code="a">0137-2019-0008</marc:subfield>
         <marc:subfield code="c">Russian Academy of science</marc:subfield>
      </marc:datafield>
      <marc:datafield tag="650" ind1=" " ind2="3">
         <marc:subfield code="a">Russia</marc:subfield>
      </marc:datafield>
      <marc:datafield tag="650" ind1=" " ind2="3">
         <marc:subfield code="a">anthropogenic activities</marc:subfield>
      </marc:datafield>
      <marc:datafield tag="650" ind1=" " ind2="3">
         <marc:subfield code="a">cluster analysis</marc:subfield>
      </marc:datafield>
      <marc:datafield tag="650" ind1=" " ind2="3">
         <marc:subfield code="a">descriptive statistics</marc:subfield>
      </marc:datafield>
      <marc:datafield tag="650" ind1=" " ind2="3">
         <marc:subfield code="a">geochemistry</marc:subfield>
      </marc:datafield>
      <marc:datafield tag="650" ind1=" " ind2="3">
         <marc:subfield code="a">heavy metals</marc:subfield>
      </marc:datafield>
      <marc:datafield tag="650" ind1=" " ind2="3">
         <marc:subfield code="a">industrial wastes</marc:subfield>
      </marc:datafield>
      <marc:datafield tag="650" ind1=" " ind2="3">
         <marc:subfield code="a">lakes</marc:subfield>
      </marc:datafield>
      <marc:datafield tag="650" ind1=" " ind2="3">
         <marc:subfield code="a">manganese monoxide</marc:subfield>
      </marc:datafield>
      <marc:datafield tag="650" ind1=" " ind2="3">
         <marc:subfield code="a">regression analysis</marc:subfield>
      </marc:datafield>
      <marc:datafield tag="650" ind1=" " ind2="3">
         <marc:subfield code="a">soil chemistry</marc:subfield>
      </marc:datafield>
      <marc:datafield tag="650" ind1=" " ind2="3">
         <marc:subfield code="a">soil quality</marc:subfield>
      </marc:datafield>
      <marc:datafield tag="650" ind1=" " ind2="3">
         <marc:subfield code="a">toxicity</marc:subfield>
      </marc:datafield>
      <marc:datafield tag="700" ind1="1" ind2=" ">
         <marc:subfield code="a">Saveliev, Anatoly A.</marc:subfield>
         <marc:subfield code="e">author</marc:subfield>
         <marc:subfield code="u">Institute of Environmental Sciences, Kazan Federal University, Kazan,
        420097, Russian Federation</marc:subfield>
         <marc:subfield code="1">https://orcid.org/0000-0002-6270-7744</marc:subfield>
      </marc:datafield>
      <marc:datafield tag="700" ind1="1" ind2=" ">
         <marc:subfield code="a">Bauer, Tatiana V.</marc:subfield>
         <marc:subfield code="e">author</marc:subfield>
         <marc:subfield code="u">Federal Research Centre the Southern Scientific Centre of the Russian
        Academy of Sciences, Rostov-on-Don, 344006, Russian Federation</marc:subfield>
         <marc:subfield code="1">https://orcid.org/0000-0002-6751-8686</marc:subfield>
      </marc:datafield>
      <marc:datafield tag="700" ind1="1" ind2=" ">
         <marc:subfield code="a">Minkina, Tatiana M.</marc:subfield>
         <marc:subfield code="e">author</marc:subfield>
         <marc:subfield code="u">Southern Federal University, 194/1 prosp. Stachki ave, Rostov-on-Don,
        344006, Russian Federation</marc:subfield>
         <marc:subfield code="1">https://orcid.org/0000-0003-3022-0883</marc:subfield>
      </marc:datafield>
      <marc:datafield tag="700" ind1="1" ind2=" ">
         <marc:subfield code="a">Mandzhieva, Saglara S.</marc:subfield>
         <marc:subfield code="e">author</marc:subfield>
         <marc:subfield code="u">Southern Federal University, 194/1 prosp. Stachki ave, Rostov-on-Don,
        344006, Russian Federation. msaglara@mail.ru</marc:subfield>
         <marc:subfield code="1">https://orcid.org/0000-0001-6000-2209</marc:subfield>
      </marc:datafield>
      <marc:datafield tag="773" ind1="0" ind2=" ">
         <marc:subfield code="t">Environmental geochemistry and health.</marc:subfield>
         <marc:subfield code="g">2022 Feb., v. 44, no. 2 p.511-526</marc:subfield>
         <marc:subfield code="d">Springer Netherlands</marc:subfield>
         <marc:subfield code="w">Journal:jnl3870049</marc:subfield>
         <marc:subfield code="x">0269-4042</marc:subfield>
         <marc:subfield code="7">nnas</marc:subfield>
      </marc:datafield>
      <marc:datafield tag="787" ind1="1" ind2=" ">
         <marc:subfield code="o">islandora_article_repository</marc:subfield>
      </marc:datafield>
      <marc:datafield tag="787" ind1="1" ind2=" ">
         <marc:subfield code="o">product_pubag</marc:subfield>
      </marc:datafield>
      <marc:datafield tag="787" ind1="1" ind2=" ">
         <marc:subfield code="o">(Journal)jnl3870049</marc:subfield>
      </marc:datafield>
      <marc:datafield tag="856" ind1="4" ind2="0">
         <marc:subfield code="u">https://dx.doi.org/10.1007/s10653-021-00853-x</marc:subfield>
         <marc:subfield code="3">Available from publisher's site</marc:subfield>
      </marc:datafield>
      <marc:datafield tag="912" ind1=" " ind2=" ">
         <marc:subfield code="a">Article</marc:subfield>
      </marc:datafield>
      <marc:datafield tag="914" ind1=" " ind2=" ">
         <marc:subfield code="a">Journal:jnl3870049</marc:subfield>
         <marc:subfield code="b">0269-4042</marc:subfield>
         <marc:subfield code="c">44</marc:subfield>
         <marc:subfield code="d">2</marc:subfield>
         <marc:subfield code="e">511</marc:subfield>
      </marc:datafield>
      <marc:datafield tag="914" ind1=" " ind2=" ">
         <marc:subfield code="f">Environmental geochemistry and health</marc:subfield>
      </marc:datafield>
      <marc:datafield tag="916" ind1=" " ind2=" ">
         <marc:subfield code="a">Batch:10238</marc:subfield>
      </marc:datafield>
      <marc:datafield tag="917" ind1=" " ind2=" ">
         <marc:subfield code="a">issued</marc:subfield>
      </marc:datafield>
      <marc:datafield tag="918" ind1="2" ind2=" ">
         <marc:subfield code="a">Springer</marc:subfield>
         <marc:subfield code="e">provider</marc:subfield>
         <marc:subfield code="5">DNAL</marc:subfield>
      </marc:datafield>
      <marc:datafield tag="935" ind1=" " ind2=" ">
         <marc:subfield code="a">IND607676574</marc:subfield>
         <marc:subfield code="9">ExL</marc:subfield>
      </marc:datafield>
      <marc:datafield tag="949" ind1=" " ind2=" ">
         <marc:subfield code="a">2022-05-17</marc:subfield>
      </marc:datafield>
      <marc:datafield tag="952" ind1=" " ind2=" ">
         <marc:subfield code="d">NAL-AP-2-clean</marc:subfield>
      </marc:datafield>
      <marc:datafield tag="953" ind1=" " ind2=" ">
         <marc:subfield code="a">/data/metadata/incoming/springer/ftp_PUB_22-02-23_05-44-47.zip</marc:subfield>
      </marc:datafield>
      <marc:datafield tag="954" ind1=" " ind2=" ">
         <marc:subfield code="a">file:/data/metadata/staging/springer/10653-44-2.xml</marc:subfield>
      </marc:datafield>
      <marc:datafield tag="955" ind1=" " ind2=" ">
         <marc:subfield code="a">/data/metadata/staging/springer/</marc:subfield>
      </marc:datafield>
      <marc:datafield tag="974" ind1=" " ind2=" ">
         <marc:subfield code="a">agid:7676574</marc:subfield>
      </marc:datafield>
      <marc:datafield tag="983" ind1=" " ind2=" ">
         <marc:subfield code="a">2022-02-25</marc:subfield>
      </marc:datafield>
      <marc:datafield tag="984" ind1=" " ind2=" ">
         <marc:subfield code="a">2022-05-17</marc:subfield>
      </marc:datafield>
   </marc:record>