
   <marc:record>
      <marc:leader>04966nab a2200661 u 4500</marc:leader>
      <marc:controlfield tag="001">9915880426107426</marc:controlfield>
      <marc:controlfield tag="005">20221119081735.0</marc:controlfield>
      <marc:controlfield tag="008">221004e20220914xx |||||o|||||||||||eng||</marc:controlfield>
      <marc:datafield tag="016" ind1="7" ind2=" ">
         <marc:subfield code="a">IND607953261</marc:subfield>
         <marc:subfield code="2">DNAL</marc:subfield>
      </marc:datafield>
      <marc:datafield tag="024" ind1="7" ind2=" ">
         <marc:subfield code="a">10.1016/j.jhydrol.2022.128496</marc:subfield>
         <marc:subfield code="2">doi</marc:subfield>
      </marc:datafield>
      <marc:datafield tag="035" ind1=" " ind2=" ">
         <marc:subfield code="a">agid:7953261-01nal_inst</marc:subfield>
      </marc:datafield>
      <marc:datafield tag="040" ind1=" " ind2=" ">
         <marc:subfield code="a">AGL</marc:subfield>
         <marc:subfield code="b">eng</marc:subfield>
         <marc:subfield code="c">AGL</marc:subfield>
      </marc:datafield>
      <marc:datafield tag="100" ind1="1" ind2=" ">
         <marc:subfield code="a">Jamei, Mehdi</marc:subfield>
         <marc:subfield code="e">author</marc:subfield>
         <marc:subfield code="u">Faculty of Engineering, Shohadaye Hoveizeh Campus of Technology, Shahid
        Chamran University of Ahvaz, Dashte Azadegan, Iran</marc:subfield>
      </marc:datafield>
      <marc:datafield tag="245" ind1="1" ind2="0">
         <marc:subfield code="a">Experimental and computational assessment of wetting pattern for
        two-layered soil profiles in pulse drip irrigation: Designing a novel optimized
        Bidirectional deep learning paradigm</marc:subfield>
      </marc:datafield>
      <marc:datafield tag="500" ind1=" " ind2=" ">
         <marc:subfield code="a">Pre-press version</marc:subfield>
      </marc:datafield>
      <marc:datafield tag="520" ind1=" " ind2=" ">
         <marc:subfield code="a">One of the most important parameters in the design and implementation of
        drip irrigation systems is the accurate prediction of the wetting dimensions pattern around
        the emitters, which leads to the precise determination of the distance between the emitters
        and the drippers. This search provides a comprehensive experimental and computational
        investigation to predict accurate wetting patterns (dimensions and area) in the
        layered-textural soil profiles under pulse drip irrigation. To achieve this first 1217 sets
        of experiments, including the physical and hydrometric properties of two-layered soil
        profiles under plus drip irrigation, were carried out at Kurdistan University, Iran. Then, a
        new hybrid deep learning (DL) approach comprised of Boruta extreme gradient boosting
        (Boruta-XGB) feature selection incorporated with the bidirectional gated recurrent unit
        (Bi-GRU) scheme was designed to predict the diameter of horizontal distribution (D),
        downward vertical distribution (V), and wetting area below the emitter (A). For each
        scenario, the most influential predictors in terms of input combinations (C1, C2, and C3)
        were extracted among nine available inputs using Boruta-XGB, employed in the Bi-GRU model.
        The multilayer perceptron neural network (MLP) and adaptive boosting tree (Aadaboost) were
        also developed as benchmark comparing models based on several metrics (e.g., correlation
        coefficient (R), root mean square error (RMSE), and Kling-Gupta efficiency (KGE) and various
        infographic analyses.The outcomes demonstrate that the C3 combination includes the elapsed
        time, emitter outflow rate (Q), initial soil moisture rate (θ1/θ2), saturated hydraulic
        conductivity ratio (Ks1/Ks2), the ratio of irrigation time in a cycle to the entire cycle
        time (Tirr/Ttot), and the ratio of silt (Silt1/Silt2) with Bi-GRU yielded better accuracy in
        terms of (R=0.994, RMSE=1.295cm, and KGE=0.989) for D-scenario, (R=0.995, RMSE=1.489cm, and
        KGE=0.992) for V-scenario, and for A-scenario (R=0.996, RMSE=76.624cm², and KGE=0.976) than
        MLP and Adaboost models.</marc:subfield>
      </marc:datafield>
      <marc:datafield tag="592" ind1=" " ind2=" ">
         <marc:subfield code="a">Publisher supplied data</marc:subfield>
      </marc:datafield>
      <marc:datafield tag="593" ind1=" " ind2=" ">
         <marc:subfield code="a">PubAg article</marc:subfield>
      </marc:datafield>
      <marc:datafield tag="650" ind1=" " ind2="3">
         <marc:subfield code="a">hydraulic conductivity</marc:subfield>
      </marc:datafield>
      <marc:datafield tag="650" ind1=" " ind2="3">
         <marc:subfield code="a">irrigation scheduling</marc:subfield>
      </marc:datafield>
      <marc:datafield tag="650" ind1=" " ind2="3">
         <marc:subfield code="a">microirrigation</marc:subfield>
      </marc:datafield>
      <marc:datafield tag="650" ind1=" " ind2="3">
         <marc:subfield code="a">neural networks</marc:subfield>
      </marc:datafield>
      <marc:datafield tag="650" ind1=" " ind2="3">
         <marc:subfield code="a">prediction</marc:subfield>
      </marc:datafield>
      <marc:datafield tag="650" ind1=" " ind2="3">
         <marc:subfield code="a">silt</marc:subfield>
      </marc:datafield>
      <marc:datafield tag="650" ind1=" " ind2="3">
         <marc:subfield code="a">soil water</marc:subfield>
      </marc:datafield>
      <marc:datafield tag="650" ind1=" " ind2="3">
         <marc:subfield code="a">spatial distribution</marc:subfield>
      </marc:datafield>
      <marc:datafield tag="650" ind1=" " ind2="3">
         <marc:subfield code="a">trees</marc:subfield>
      </marc:datafield>
      <marc:datafield tag="651" ind1=" " ind2="3">
         <marc:subfield code="a">Iran</marc:subfield>
      </marc:datafield>
      <marc:datafield tag="653" ind1=" " ind2="0">
         <marc:subfield code="a">wetting pattern</marc:subfield>
      </marc:datafield>
      <marc:datafield tag="653" ind1=" " ind2="0">
         <marc:subfield code="a">Layered soil</marc:subfield>
      </marc:datafield>
      <marc:datafield tag="653" ind1=" " ind2="0">
         <marc:subfield code="a">Boruta extreme gradient boosting</marc:subfield>
      </marc:datafield>
      <marc:datafield tag="653" ind1=" " ind2="0">
         <marc:subfield code="a">Bidirectional gated recurrent unit</marc:subfield>
      </marc:datafield>
      <marc:datafield tag="653" ind1=" " ind2="0">
         <marc:subfield code="a">Adaboost</marc:subfield>
      </marc:datafield>
      <marc:datafield tag="653" ind1=" " ind2="0">
         <marc:subfield code="a">Drip irrigation</marc:subfield>
      </marc:datafield>
      <marc:datafield tag="700" ind1="1" ind2=" ">
         <marc:subfield code="a">Karimi, Farahnaz</marc:subfield>
         <marc:subfield code="e">author</marc:subfield>
         <marc:subfield code="u">Department of Water Science and Engineering, Faculty of Agriculture,
        University of Kurdistan, Sanandaj, Iran</marc:subfield>
      </marc:datafield>
      <marc:datafield tag="700" ind1="1" ind2=" ">
         <marc:subfield code="a">Ali, Mumtaz</marc:subfield>
         <marc:subfield code="e">author</marc:subfield>
         <marc:subfield code="u">School of Information Technology, Deakin University, VIC 3125,
        Australia</marc:subfield>
      </marc:datafield>
      <marc:datafield tag="700" ind1="1" ind2=" ">
         <marc:subfield code="a">Karimi, Bakhtiar</marc:subfield>
         <marc:subfield code="e">author</marc:subfield>
         <marc:subfield code="u">Department of Water Science and Engineering, Faculty of Agriculture,
        University of Kurdistan, Sanandaj, Iran</marc:subfield>
      </marc:datafield>
      <marc:datafield tag="700" ind1="1" ind2=" ">
         <marc:subfield code="a">Karbasi, Masoud</marc:subfield>
         <marc:subfield code="e">author</marc:subfield>
         <marc:subfield code="u">Water Engineering Department, Faculty of Agriculture, University of Zanjan,
        Zanjan, Iran</marc:subfield>
      </marc:datafield>
      <marc:datafield tag="700" ind1="1" ind2=" ">
         <marc:subfield code="a">Aminpour, Younes</marc:subfield>
         <marc:subfield code="e">author</marc:subfield>
         <marc:subfield code="u">Department of Hydraulic, Hydro-Environmental Engineering, Water Research
        Institute, Ministry of Energy, P.O. Box 16765/313, Tehran 16589-54381, Iran</marc:subfield>
      </marc:datafield>
      <marc:datafield tag="773" ind1="0" ind2=" ">
         <marc:subfield code="t">Journal of hydrology.</marc:subfield>
         <marc:subfield code="g">2022 Sept. 14, p.128496-</marc:subfield>
         <marc:subfield code="d">Elsevier B.V.</marc:subfield>
         <marc:subfield code="w">Journal:jnl46539</marc:subfield>
         <marc:subfield code="x">0022-1694</marc:subfield>
         <marc:subfield code="7">nnas</marc:subfield>
      </marc:datafield>
      <marc:datafield tag="787" ind1="1" ind2=" ">
         <marc:subfield code="o">islandora_article_repository</marc:subfield>
      </marc:datafield>
      <marc:datafield tag="787" ind1="1" ind2=" ">
         <marc:subfield code="o">product_pubag</marc:subfield>
      </marc:datafield>
      <marc:datafield tag="787" ind1="1" ind2=" ">
         <marc:subfield code="o">(Journal)jnl46539</marc:subfield>
      </marc:datafield>
      <marc:datafield tag="856" ind1="4" ind2="0">
         <marc:subfield code="u">http://dx.doi.org/10.1016/j.jhydrol.2022.128496</marc:subfield>
      </marc:datafield>
      <marc:datafield tag="912" ind1=" " ind2=" ">
         <marc:subfield code="a">Article</marc:subfield>
      </marc:datafield>
      <marc:datafield tag="914" ind1=" " ind2=" ">
         <marc:subfield code="a">Journal:jnl46539</marc:subfield>
         <marc:subfield code="b">0022-1694</marc:subfield>
         <marc:subfield code="e">128496</marc:subfield>
      </marc:datafield>
      <marc:datafield tag="914" ind1=" " ind2=" ">
         <marc:subfield code="f">Journal of hydrology</marc:subfield>
      </marc:datafield>
      <marc:datafield tag="917" ind1=" " ind2=" ">
         <marc:subfield code="a">issued</marc:subfield>
      </marc:datafield>
      <marc:datafield tag="918" ind1="2" ind2=" ">
         <marc:subfield code="a">Elsevier Consyn</marc:subfield>
         <marc:subfield code="e">provider</marc:subfield>
         <marc:subfield code="5">DNAL</marc:subfield>
      </marc:datafield>
      <marc:datafield tag="935" ind1=" " ind2=" ">
         <marc:subfield code="a">IND607953261</marc:subfield>
         <marc:subfield code="9">ExL</marc:subfield>
      </marc:datafield>
      <marc:datafield tag="949" ind1=" " ind2=" ">
         <marc:subfield code="a">2022-10-04</marc:subfield>
      </marc:datafield>
      <marc:datafield tag="952" ind1=" " ind2=" ">
         <marc:subfield code="d">NAL-AP-2-clean</marc:subfield>
      </marc:datafield>
      <marc:datafield tag="953" ind1=" " ind2=" ">
         <marc:subfield code="a">/data/metadata/incoming/consyn/222649319265401329-00001-HEAD-ONLY-NEW
        CONSYN ISSNS.ZIP</marc:subfield>
      </marc:datafield>
      <marc:datafield tag="954" ind1=" " ind2=" ">
         <marc:subfield code="a">file:/data/metadata/staging/consyn/S0022169422010666.xml</marc:subfield>
      </marc:datafield>
      <marc:datafield tag="955" ind1=" " ind2=" ">
         <marc:subfield code="a">/data/metadata/staging/consyn/</marc:subfield>
      </marc:datafield>
      <marc:datafield tag="974" ind1=" " ind2=" ">
         <marc:subfield code="a">agid:7953261</marc:subfield>
      </marc:datafield>
      <marc:datafield tag="983" ind1=" " ind2=" ">
         <marc:subfield code="a">2022-10-04</marc:subfield>
      </marc:datafield>
      <marc:datafield tag="984" ind1=" " ind2=" ">
         <marc:subfield code="a">2022-10-04</marc:subfield>
      </marc:datafield>
   </marc:record>