
   <marc:record>
      <marc:leader>05787nab a2200901 u 4500</marc:leader>
      <marc:controlfield tag="001">9915880514207426</marc:controlfield>
      <marc:controlfield tag="005">20221119082350.0</marc:controlfield>
      <marc:controlfield tag="008">190318e201511 xx |||||o|||||||||||eng||</marc:controlfield>
      <marc:datafield tag="016" ind1="7" ind2=" ">
         <marc:subfield code="a">IND605354132</marc:subfield>
         <marc:subfield code="2">DNAL</marc:subfield>
      </marc:datafield>
      <marc:datafield tag="024" ind1="7" ind2=" ">
         <marc:subfield code="a">10.1016/j.agrformet.2015.06.012</marc:subfield>
         <marc:subfield code="2">doi</marc:subfield>
      </marc:datafield>
      <marc:datafield tag="035" ind1=" " ind2=" ">
         <marc:subfield code="a">agid:5354132-01nal_inst</marc:subfield>
      </marc:datafield>
      <marc:datafield tag="040" ind1=" " ind2=" ">
         <marc:subfield code="a">AGL</marc:subfield>
         <marc:subfield code="b">eng</marc:subfield>
         <marc:subfield code="c">AGL</marc:subfield>
      </marc:datafield>
      <marc:datafield tag="100" ind1="1" ind2=" ">
         <marc:subfield code="a">Cáceres, Miquel De</marc:subfield>
         <marc:subfield code="e">author</marc:subfield>
         <marc:subfield code="u">InForest Joint Research Unit, CTFC-CEMFOR, Solsona25280, Spain</marc:subfield>
      </marc:datafield>
      <marc:datafield tag="245" ind1="1" ind2="0">
         <marc:subfield code="a">Coupling a water balance model with forest inventory data to predict
        drought stress: the role of forest structural changes vs. climate changes</marc:subfield>
      </marc:datafield>
      <marc:datafield tag="300" ind1=" " ind2=" ">
         <marc:subfield code="a">p. 77-90.</marc:subfield>
      </marc:datafield>
      <marc:datafield tag="500" ind1=" " ind2=" ">
         <marc:subfield code="a">2019-12-06</marc:subfield>
      </marc:datafield>
      <marc:datafield tag="520" ind1=" " ind2=" ">
         <marc:subfield code="a">Mechanistic water balance models can be used to predict soil moisture
        dynamics and drought stress in individual forest stands. Predicting current and future
        levels of plant drought stress is important not only at the local scale, but also at larger,
        landscape to regional, scales, because these are the management scales at which adaptation
        and mitigation strategies are implemented. To obtain reliable predictions of soil moisture
        and plant drought stress over large extents, water balance models need to be complemented
        with detailed information about the spatial variation of vegetation and soil attributes. We
        designed, calibrated and validated a water balance model that produces annual estimates of
        drought intensity and duration for all plant cohorts in a forest stand. Taking Catalonia (NE
        Spain) as a case study, we coupled this model with plot records from two Spanish forest
        inventories in which species identity, diameter and height of plant cohorts were available.
        Leaf area index of each plant cohort was estimated from basal area using species-specific
        relationships. Vertical root distribution for each species in each forest plot was estimated
        by determining the distribution that maximized transpiration in the model, given average
        climatic conditions, soil attributes and stand density. We determined recent trends (period
        1980–2010) in drought stress for the main tree species in Catalonia; where forest growth and
        densification occurs in many areas as a result of rural abandonment and decrease of forest
        management. Regional increases in drought stress were detected for most tree species,
        although we found high variation in stress changes among individual forest plots. Moreover,
        predicted trends in tree drought stress were mainly due to changes in leaf area occurred
        between the two forest inventories rather than to climatic trends. We conclude that forest
        structure needs to be explicitly considered in assessments of plant drought stress patterns
        and trends over large geographic areas, and that forest inventories are useful sources of
        data provided that reasonably good estimates of soil attributes and root distribution are
        available. Our approach coupled with recent improvements in forest survey technologies may
        allow obtaining spatially continuous and precise assessments of drought stress. Further
        efforts are needed to calibrate drought-related demographic processes before water balance
        and drought stress estimates can be fully used for the accurate prediction of drought
        impacts.</marc:subfield>
      </marc:datafield>
      <marc:datafield tag="592" ind1=" " ind2=" ">
         <marc:subfield code="a">Publisher supplied data</marc:subfield>
      </marc:datafield>
      <marc:datafield tag="593" ind1=" " ind2=" ">
         <marc:subfield code="a">PubAg article</marc:subfield>
      </marc:datafield>
      <marc:datafield tag="650" ind1=" " ind2="3">
         <marc:subfield code="a">soil properties</marc:subfield>
      </marc:datafield>
      <marc:datafield tag="650" ind1=" " ind2="3">
         <marc:subfield code="a">leaf area index</marc:subfield>
      </marc:datafield>
      <marc:datafield tag="650" ind1=" " ind2="3">
         <marc:subfield code="a">drought</marc:subfield>
      </marc:datafield>
      <marc:datafield tag="650" ind1=" " ind2="3">
         <marc:subfield code="a">trees</marc:subfield>
      </marc:datafield>
      <marc:datafield tag="650" ind1=" " ind2="3">
         <marc:subfield code="a">forest growth</marc:subfield>
      </marc:datafield>
      <marc:datafield tag="650" ind1=" " ind2="3">
         <marc:subfield code="a">forests</marc:subfield>
      </marc:datafield>
      <marc:datafield tag="650" ind1=" " ind2="3">
         <marc:subfield code="a">transpiration</marc:subfield>
      </marc:datafield>
      <marc:datafield tag="650" ind1=" " ind2="3">
         <marc:subfield code="a">water stress</marc:subfield>
      </marc:datafield>
      <marc:datafield tag="650" ind1=" " ind2="3">
         <marc:subfield code="a">forest stands</marc:subfield>
      </marc:datafield>
      <marc:datafield tag="650" ind1=" " ind2="3">
         <marc:subfield code="a">case studies</marc:subfield>
      </marc:datafield>
      <marc:datafield tag="650" ind1=" " ind2="3">
         <marc:subfield code="a">models</marc:subfield>
      </marc:datafield>
      <marc:datafield tag="650" ind1=" " ind2="3">
         <marc:subfield code="a">climate change</marc:subfield>
      </marc:datafield>
      <marc:datafield tag="650" ind1=" " ind2="3">
         <marc:subfield code="a">stand density</marc:subfield>
      </marc:datafield>
      <marc:datafield tag="650" ind1=" " ind2="3">
         <marc:subfield code="a">soil water</marc:subfield>
      </marc:datafield>
      <marc:datafield tag="650" ind1=" " ind2="3">
         <marc:subfield code="a">climatic factors</marc:subfield>
      </marc:datafield>
      <marc:datafield tag="650" ind1=" " ind2="3">
         <marc:subfield code="a">prediction</marc:subfield>
      </marc:datafield>
      <marc:datafield tag="650" ind1=" " ind2="3">
         <marc:subfield code="a">landscapes</marc:subfield>
      </marc:datafield>
      <marc:datafield tag="650" ind1=" " ind2="3">
         <marc:subfield code="a">forest management</marc:subfield>
      </marc:datafield>
      <marc:datafield tag="650" ind1=" " ind2="3">
         <marc:subfield code="a">forest inventory</marc:subfield>
      </marc:datafield>
      <marc:datafield tag="650" ind1=" " ind2="3">
         <marc:subfield code="a">stand basal area</marc:subfield>
      </marc:datafield>
      <marc:datafield tag="651" ind1=" " ind2="3">
         <marc:subfield code="a">Spain</marc:subfield>
      </marc:datafield>
      <marc:datafield tag="653" ind1=" " ind2="0">
         <marc:subfield code="a">SFI</marc:subfield>
      </marc:datafield>
      <marc:datafield tag="653" ind1=" " ind2="0">
         <marc:subfield code="a">DDS</marc:subfield>
      </marc:datafield>
      <marc:datafield tag="653" ind1=" " ind2="0">
         <marc:subfield code="a">NDD</marc:subfield>
      </marc:datafield>
      <marc:datafield tag="653" ind1=" " ind2="0">
         <marc:subfield code="a">DI</marc:subfield>
      </marc:datafield>
      <marc:datafield tag="653" ind1=" " ind2="0">
         <marc:subfield code="a">PET</marc:subfield>
      </marc:datafield>
      <marc:datafield tag="653" ind1=" " ind2="0">
         <marc:subfield code="a">Mediterranean forests</marc:subfield>
      </marc:datafield>
      <marc:datafield tag="653" ind1=" " ind2="0">
         <marc:subfield code="a">Drought stress</marc:subfield>
      </marc:datafield>
      <marc:datafield tag="653" ind1=" " ind2="0">
         <marc:subfield code="a">water balance</marc:subfield>
      </marc:datafield>
      <marc:datafield tag="653" ind1=" " ind2="0">
         <marc:subfield code="a">Water balance model</marc:subfield>
      </marc:datafield>
      <marc:datafield tag="653" ind1=" " ind2="0">
         <marc:subfield code="a">Forest inventory data</marc:subfield>
      </marc:datafield>
      <marc:datafield tag="653" ind1=" " ind2="0">
         <marc:subfield code="a">LAI</marc:subfield>
      </marc:datafield>
      <marc:datafield tag="653" ind1=" " ind2="0">
         <marc:subfield code="a">basal area</marc:subfield>
      </marc:datafield>
      <marc:datafield tag="700" ind1="1" ind2=" ">
         <marc:subfield code="a">Martínez-Vilalta, Jordi</marc:subfield>
         <marc:subfield code="e">author</marc:subfield>
         <marc:subfield code="u">CREAF, Cerdanyola del Vallès 08193, Spain</marc:subfield>
      </marc:datafield>
      <marc:datafield tag="700" ind1="1" ind2=" ">
         <marc:subfield code="a">Coll, Lluís</marc:subfield>
         <marc:subfield code="e">author</marc:subfield>
         <marc:subfield code="u">InForest Joint Research Unit, CTFC-CEMFOR, Solsona25280, Spain</marc:subfield>
      </marc:datafield>
      <marc:datafield tag="700" ind1="1" ind2=" ">
         <marc:subfield code="a">Llorens, Pilar</marc:subfield>
         <marc:subfield code="e">author</marc:subfield>
         <marc:subfield code="u">Institute of Environmental Assessment and Water Research (IDÆA-CSIC),
        Barcelona 08034, Spain</marc:subfield>
      </marc:datafield>
      <marc:datafield tag="700" ind1="1" ind2=" ">
         <marc:subfield code="a">Casals, Pere</marc:subfield>
         <marc:subfield code="e">author</marc:subfield>
         <marc:subfield code="u">InForest Joint Research Unit, CTFC-CEMFOR, Solsona25280, Spain</marc:subfield>
      </marc:datafield>
      <marc:datafield tag="700" ind1="1" ind2=" ">
         <marc:subfield code="a">Poyatos, Rafael</marc:subfield>
         <marc:subfield code="e">author</marc:subfield>
         <marc:subfield code="u">CREAF, Cerdanyola del Vallès 08193, Spain</marc:subfield>
      </marc:datafield>
      <marc:datafield tag="700" ind1="1" ind2=" ">
         <marc:subfield code="a">Pausas, Juli G.</marc:subfield>
         <marc:subfield code="e">author</marc:subfield>
         <marc:subfield code="u">Centro de Investigaciones sobre Desertificación (CIDE-CSIC), Valencia,
        Spain</marc:subfield>
      </marc:datafield>
      <marc:datafield tag="700" ind1="1" ind2=" ">
         <marc:subfield code="a">Brotons, Lluís</marc:subfield>
         <marc:subfield code="e">author</marc:subfield>
         <marc:subfield code="u">InForest Joint Research Unit, CTFC-CEMFOR, Solsona25280, Spain</marc:subfield>
      </marc:datafield>
      <marc:datafield tag="773" ind1="0" ind2=" ">
         <marc:subfield code="t">Agricultural and forest meteorology.</marc:subfield>
         <marc:subfield code="g">2015 Nov., v. 213 p.77-90</marc:subfield>
         <marc:subfield code="d">Elsevier B.V.</marc:subfield>
         <marc:subfield code="w">Journal:jnl43250</marc:subfield>
         <marc:subfield code="x">0168-1923</marc:subfield>
         <marc:subfield code="7">nnas</marc:subfield>
      </marc:datafield>
      <marc:datafield tag="787" ind1="1" ind2=" ">
         <marc:subfield code="o">islandora_article_repository</marc:subfield>
      </marc:datafield>
      <marc:datafield tag="787" ind1="1" ind2=" ">
         <marc:subfield code="o">product_pubag</marc:subfield>
      </marc:datafield>
      <marc:datafield tag="787" ind1="1" ind2=" ">
         <marc:subfield code="o">(Journal)jnl43250</marc:subfield>
      </marc:datafield>
      <marc:datafield tag="856" ind1="4" ind2="0">
         <marc:subfield code="u">http://dx.doi.org/10.1016/j.agrformet.2015.06.012</marc:subfield>
         <marc:subfield code="3">Available from publisher's site</marc:subfield>
      </marc:datafield>
      <marc:datafield tag="912" ind1=" " ind2=" ">
         <marc:subfield code="a">Article</marc:subfield>
      </marc:datafield>
      <marc:datafield tag="914" ind1=" " ind2=" ">
         <marc:subfield code="a">Journal:jnl43250</marc:subfield>
         <marc:subfield code="b">0168-1923</marc:subfield>
         <marc:subfield code="c">213</marc:subfield>
         <marc:subfield code="e">77</marc:subfield>
      </marc:datafield>
      <marc:datafield tag="914" ind1=" " ind2=" ">
         <marc:subfield code="f">Agricultural and forest meteorology</marc:subfield>
      </marc:datafield>
      <marc:datafield tag="916" ind1=" " ind2=" ">
         <marc:subfield code="a">Batch:1516</marc:subfield>
      </marc:datafield>
      <marc:datafield tag="917" ind1=" " ind2=" ">
         <marc:subfield code="a">issued</marc:subfield>
      </marc:datafield>
      <marc:datafield tag="918" ind1="2" ind2=" ">
         <marc:subfield code="a">Elsevier Consyn</marc:subfield>
         <marc:subfield code="e">provider</marc:subfield>
         <marc:subfield code="5">DNAL</marc:subfield>
      </marc:datafield>
      <marc:datafield tag="935" ind1=" " ind2=" ">
         <marc:subfield code="a">IND605354132</marc:subfield>
         <marc:subfield code="9">ExL</marc:subfield>
      </marc:datafield>
      <marc:datafield tag="949" ind1=" " ind2=" ">
         <marc:subfield code="a">2019-03-18</marc:subfield>
      </marc:datafield>
      <marc:datafield tag="953" ind1=" " ind2=" ">
         <marc:subfield code="a">/data/metadata/incoming/consyn/46-2-00033-HEAD-ONLY.zip</marc:subfield>
      </marc:datafield>
      <marc:datafield tag="954" ind1=" " ind2=" ">
         <marc:subfield code="a">file:/data/metadata/staging/consyn/S0168192315001914.xml</marc:subfield>
      </marc:datafield>
      <marc:datafield tag="955" ind1=" " ind2=" ">
         <marc:subfield code="a">/data/metadata/staging/consyn/</marc:subfield>
      </marc:datafield>
      <marc:datafield tag="974" ind1=" " ind2=" ">
         <marc:subfield code="a">agid:5354132</marc:subfield>
      </marc:datafield>
      <marc:datafield tag="983" ind1=" " ind2=" ">
         <marc:subfield code="a">2019-03-18</marc:subfield>
      </marc:datafield>
      <marc:datafield tag="984" ind1=" " ind2=" ">
         <marc:subfield code="a">2019-05-04</marc:subfield>
      </marc:datafield>
   </marc:record>