
   <marc:record>
      <marc:leader>05556nab a2200649 u 4500</marc:leader>
      <marc:controlfield tag="001">9915881393807426</marc:controlfield>
      <marc:controlfield tag="005">20221119085325.0</marc:controlfield>
      <marc:controlfield tag="008">160419e199208 xx |||||o|||||||||||eng||</marc:controlfield>
      <marc:datafield tag="016" ind1="7" ind2=" ">
         <marc:subfield code="a">IND605188897</marc:subfield>
         <marc:subfield code="2">DNAL</marc:subfield>
      </marc:datafield>
      <marc:datafield tag="024" ind1="7" ind2=" ">
         <marc:subfield code="a">10.2307/1940675</marc:subfield>
         <marc:subfield code="2">doi</marc:subfield>
      </marc:datafield>
      <marc:datafield tag="035" ind1=" " ind2=" ">
         <marc:subfield code="a">agid:5188897-01nal_inst</marc:subfield>
      </marc:datafield>
      <marc:datafield tag="040" ind1=" " ind2=" ">
         <marc:subfield code="a">AGL</marc:subfield>
         <marc:subfield code="b">eng</marc:subfield>
         <marc:subfield code="c">AGL</marc:subfield>
      </marc:datafield>
      <marc:datafield tag="100" ind1="1" ind2=" ">
         <marc:subfield code="a">Augspurger, Carol K.</marc:subfield>
         <marc:subfield code="e">author</marc:subfield>
      </marc:datafield>
      <marc:datafield tag="245" ind1="1" ind2="0">
         <marc:subfield code="a">Experimental Studies of Seedling Recruitment from Contrasting Seed
        Distributions</marc:subfield>
      </marc:datafield>
      <marc:datafield tag="300" ind1=" " ind2=" ">
         <marc:subfield code="a">p. 1270-1284.</marc:subfield>
      </marc:datafield>
      <marc:datafield tag="520" ind1=" " ind2=" ">
         <marc:subfield code="a">To examine how selection may act on seed dispersal, we experimentally
        manipulated seed distributions and compared levels and patterns of seedling recruitment in
        three altered distributions, relative to the nonmanipulated, leptokurtic distribution. We
        picked up, then redistributed the wind—dispersed seeds of two isolated parents of Tachigalia
        versicolor, tropical tree species growing on Barro Colorado Island (BCI), Panama. Three
        experimental distributions were created in long columns adjacent to or well beyond the
        undisturbed column of the natural distribution: (1) a nonleptokurtic "even" distribution of
        uniform density equal to the mean density throughout the natural column, (2) a "mixed"
        distribution with the same total number and kurtosis as the natural column, but composed of
        an equal proportion of seeds from the two parent trees, and (3) an "extended—tail"
        distribution spread in low uniform density up to 1.8 km beyond the natural distribution.
        Thus, the study addressed the relative importance of density, distance, and genetic makeup
        on offspring recruitment. The results of the 2 yr observations of seed and seedling survival
        indicate that, relative to the natural distribution, seedling recruitment at 2 yr was
        greater in the even distribution, was minimally affected by a mixture of genotypes from
        overlapping distributions of two parent trees, and was very infrequent from seeds dispersed
        to a wide variety of distant sites. Although the mixture of genotypes from overlapping
        distributions did enhance the probability of survival at one site, that effect occurred only
        during the seedling and not the seed stage. For the extended—tail and mixed distributions,
        in which offspring of both parents occurred at both sites, the impact of site differences
        (survival in Site A tail &gt; Site B tail; survival in Site A mixed &gt; Site B mixed)
        exceeded that of parent differences (Parent A &gt; Parent B). The major differences among
        distributions arose in the seed and early seedling stages (&lt;2 mo), and were due to heavy
        mortality primarily from seed predators (postdispersal by terrestrial mammals) and mammalian
        herbivores eating young seedlings. Mammalian predation and herbivory were particularly heavy
        in the extended—tail distributions. It appeared that either predator satiation and/or
        incomplete searching occurred in the three, much more dense distributions adjacent to the
        parent trees. In contrast, density—dependent mortality at the spatial scale of 1—m²
        experimental quadrats was limited to very high densities and occurred only in early seedling
        stages (0—2 mo). Distance effects on the probability of survival were inconsistent both
        between sites and among distributions. However, the absolute number of seedlings surviving
        at 2 yr declined with distance from the parent in all three distributions, except the even
        distribution at Tree A. Additionally, seedling recruitment at any distance &lt;100 m from
        the parent for all three distributions greatly exceeded recruitment at extended—tail
        (100—1800 m) sites. In summary, offspring recruitment was enhanced by the high cohort
        density at a large spatial scale (i.e., within a circle of 100 m radius) because of predator
        satiation. At the same time, it was enhanced slightly by the evenness of the distribution
        within this scale because of density—dependent mortality at a smaller spatial scale (i.e., 1
        m²). Therefore, we conclude that selection on dispersal by Tachigalia versicolor on BCI
        should act to increase the uniformity of the seed distribution, but not to increase
        dispersal distance to the point that the density of the seed shadow is diluted.</marc:subfield>
      </marc:datafield>
      <marc:datafield tag="592" ind1=" " ind2=" ">
         <marc:subfield code="a">Publisher supplied data</marc:subfield>
      </marc:datafield>
      <marc:datafield tag="593" ind1=" " ind2=" ">
         <marc:subfield code="a">PubAg article</marc:subfield>
      </marc:datafield>
      <marc:datafield tag="650" ind1=" " ind2="3">
         <marc:subfield code="a">Tachigali</marc:subfield>
      </marc:datafield>
      <marc:datafield tag="650" ind1=" " ind2="3">
         <marc:subfield code="a">genotype</marc:subfield>
      </marc:datafield>
      <marc:datafield tag="650" ind1=" " ind2="3">
         <marc:subfield code="a">geographical distribution</marc:subfield>
      </marc:datafield>
      <marc:datafield tag="650" ind1=" " ind2="3">
         <marc:subfield code="a">granivores</marc:subfield>
      </marc:datafield>
      <marc:datafield tag="650" ind1=" " ind2="3">
         <marc:subfield code="a">ingestion</marc:subfield>
      </marc:datafield>
      <marc:datafield tag="650" ind1=" " ind2="3">
         <marc:subfield code="a">islands</marc:subfield>
      </marc:datafield>
      <marc:datafield tag="650" ind1=" " ind2="3">
         <marc:subfield code="a">mammals</marc:subfield>
      </marc:datafield>
      <marc:datafield tag="650" ind1=" " ind2="3">
         <marc:subfield code="a">mortality</marc:subfield>
      </marc:datafield>
      <marc:datafield tag="650" ind1=" " ind2="3">
         <marc:subfield code="a">parents</marc:subfield>
      </marc:datafield>
      <marc:datafield tag="650" ind1=" " ind2="3">
         <marc:subfield code="a">predation</marc:subfield>
      </marc:datafield>
      <marc:datafield tag="650" ind1=" " ind2="3">
         <marc:subfield code="a">probability</marc:subfield>
      </marc:datafield>
      <marc:datafield tag="650" ind1=" " ind2="3">
         <marc:subfield code="a">progeny</marc:subfield>
      </marc:datafield>
      <marc:datafield tag="650" ind1=" " ind2="3">
         <marc:subfield code="a">satiety</marc:subfield>
      </marc:datafield>
      <marc:datafield tag="650" ind1=" " ind2="3">
         <marc:subfield code="a">seed dispersal</marc:subfield>
      </marc:datafield>
      <marc:datafield tag="650" ind1=" " ind2="3">
         <marc:subfield code="a">seedlings</marc:subfield>
      </marc:datafield>
      <marc:datafield tag="650" ind1=" " ind2="3">
         <marc:subfield code="a">seeds</marc:subfield>
      </marc:datafield>
      <marc:datafield tag="650" ind1=" " ind2="3">
         <marc:subfield code="a">species recruitment</marc:subfield>
      </marc:datafield>
      <marc:datafield tag="650" ind1=" " ind2="3">
         <marc:subfield code="a">tail</marc:subfield>
      </marc:datafield>
      <marc:datafield tag="650" ind1=" " ind2="3">
         <marc:subfield code="a">trees</marc:subfield>
      </marc:datafield>
      <marc:datafield tag="651" ind1=" " ind2="3">
         <marc:subfield code="a">Panama</marc:subfield>
      </marc:datafield>
      <marc:datafield tag="700" ind1="1" ind2=" ">
         <marc:subfield code="a">Kitajima, Kaoru</marc:subfield>
         <marc:subfield code="e">author</marc:subfield>
      </marc:datafield>
      <marc:datafield tag="773" ind1="0" ind2=" ">
         <marc:subfield code="t">Ecology.</marc:subfield>
         <marc:subfield code="g">1992 Aug., v. 73, no. 4 p.1270-1284</marc:subfield>
         <marc:subfield code="d">Ecological Society of America</marc:subfield>
         <marc:subfield code="x">0012-9658</marc:subfield>
         <marc:subfield code="7">nnas</marc:subfield>
      </marc:datafield>
      <marc:datafield tag="787" ind1="1" ind2=" ">
         <marc:subfield code="o">islandora_article_repository</marc:subfield>
      </marc:datafield>
      <marc:datafield tag="787" ind1="1" ind2=" ">
         <marc:subfield code="o">product_pubag</marc:subfield>
      </marc:datafield>
      <marc:datafield tag="787" ind1="1" ind2=" ">
         <marc:subfield code="o">(Journal)jnl46164</marc:subfield>
      </marc:datafield>
      <marc:datafield tag="856" ind1="4" ind2="0">
         <marc:subfield code="u">http://dx.doi.org/10.2307/1940675</marc:subfield>
         <marc:subfield code="3">Available from publisher's site</marc:subfield>
      </marc:datafield>
      <marc:datafield tag="912" ind1=" " ind2=" ">
         <marc:subfield code="a">Article</marc:subfield>
      </marc:datafield>
      <marc:datafield tag="914" ind1=" " ind2=" ">
         <marc:subfield code="a">Journal:jnl46164</marc:subfield>
         <marc:subfield code="b">0012-9658</marc:subfield>
         <marc:subfield code="c">73</marc:subfield>
         <marc:subfield code="d">4</marc:subfield>
         <marc:subfield code="e">1270</marc:subfield>
      </marc:datafield>
      <marc:datafield tag="914" ind1=" " ind2=" ">
         <marc:subfield code="f">Ecology</marc:subfield>
      </marc:datafield>
      <marc:datafield tag="916" ind1=" " ind2=" ">
         <marc:subfield code="a">Batch:1356</marc:subfield>
      </marc:datafield>
      <marc:datafield tag="917" ind1=" " ind2=" ">
         <marc:subfield code="a">issued</marc:subfield>
      </marc:datafield>
      <marc:datafield tag="918" ind1="2" ind2=" ">
         <marc:subfield code="a">John Wiley &amp; Sons, Inc</marc:subfield>
         <marc:subfield code="e">provider</marc:subfield>
         <marc:subfield code="5">DNAL</marc:subfield>
      </marc:datafield>
      <marc:datafield tag="935" ind1=" " ind2=" ">
         <marc:subfield code="a">IND605188897</marc:subfield>
         <marc:subfield code="9">ExL</marc:subfield>
      </marc:datafield>
      <marc:datafield tag="949" ind1=" " ind2=" ">
         <marc:subfield code="a">2016-07-28</marc:subfield>
      </marc:datafield>
      <marc:datafield tag="953" ind1=" " ind2=" ">
         <marc:subfield code="a">00129658_1992_73_4.xml</marc:subfield>
      </marc:datafield>
      <marc:datafield tag="962" ind1=" " ind2=" ">
         <marc:subfield code="a">Batch:1356 reviewed on 2016-07-28T13:00:02Z</marc:subfield>
      </marc:datafield>
      <marc:datafield tag="974" ind1=" " ind2=" ">
         <marc:subfield code="a">agid:5188897</marc:subfield>
      </marc:datafield>
      <marc:datafield tag="983" ind1=" " ind2=" ">
         <marc:subfield code="a">2016-04-19</marc:subfield>
      </marc:datafield>
      <marc:datafield tag="984" ind1=" " ind2=" ">
         <marc:subfield code="a">2016-07-28</marc:subfield>
      </marc:datafield>
   </marc:record>