
   <marc:record>
      <marc:leader>05737nab a2200673 u 4500</marc:leader>
      <marc:controlfield tag="001">9915881452807426</marc:controlfield>
      <marc:controlfield tag="005">20221119085255.0</marc:controlfield>
      <marc:controlfield tag="008">220807e202208 xx |||||o|||||||||||eng||</marc:controlfield>
      <marc:datafield tag="016" ind1="7" ind2=" ">
         <marc:subfield code="a">IND607869676</marc:subfield>
         <marc:subfield code="2">DNAL</marc:subfield>
      </marc:datafield>
      <marc:datafield tag="024" ind1="7" ind2=" ">
         <marc:subfield code="a">10.1111/1365-2656.13751</marc:subfield>
         <marc:subfield code="2">doi</marc:subfield>
      </marc:datafield>
      <marc:datafield tag="035" ind1=" " ind2=" ">
         <marc:subfield code="a">agid:7869676-01nal_inst</marc:subfield>
      </marc:datafield>
      <marc:datafield tag="040" ind1=" " ind2=" ">
         <marc:subfield code="a">AGL</marc:subfield>
         <marc:subfield code="b">eng</marc:subfield>
         <marc:subfield code="c">AGL</marc:subfield>
      </marc:datafield>
      <marc:datafield tag="100" ind1="1" ind2=" ">
         <marc:subfield code="a">Erazo, Diana</marc:subfield>
         <marc:subfield code="e">author</marc:subfield>
         <marc:subfield code="u">Spatial Epidemiology Lab (SpELL), Université Libre de Bruxelles, Bruxelles,
        Belgium</marc:subfield>
         <marc:subfield code="1">https://orcid.org/0000-0002-9726-9502</marc:subfield>
      </marc:datafield>
      <marc:datafield tag="245" ind1="1" ind2="4">
         <marc:subfield code="a">The predicted impact of resource provisioning on the epidemiological
        responses of different parasites</marc:subfield>
      </marc:datafield>
      <marc:datafield tag="300" ind1=" " ind2=" ">
         <marc:subfield code="a">p. 1719-1730.</marc:subfield>
      </marc:datafield>
      <marc:datafield tag="500" ind1=" " ind2=" ">
         <marc:subfield code="a">JOURNAL ARTICLE</marc:subfield>
      </marc:datafield>
      <marc:datafield tag="520" ind1=" " ind2=" ">
         <marc:subfield code="a">Anthropogenic activities and natural events such as periodic tree masting
        can alter resource provisioning in the environment, directly affecting animals, and
        potentially impacting the spread of infectious diseases in wildlife. The impact of these
        additional resources on infectious diseases can manifest through different pathways,
        affecting host susceptibility, contact rate and host demography. To date however, empirical
        research has tended to examine these different pathways in isolation, for example by
        quantifying the effects of provisioning on host behaviour in the wild or changes in immune
        responses in controlled laboratory studies. Furthermore, while theory has investigated the
        interactions between these pathways, this work has focussed on a narrow subset of pathogen
        types, typically directly transmitted microparasites. Given the diverse ways that
        provisioning can affect host susceptibility, contact patterns or host demography, we may
        expect the epidemiological consequences of provisioning to vary among different parasite
        types, dependent on key aspects of parasite life history, such as the duration of infection
        and transmission mode. Focusing on an exemplar empirical system, the wood mouse Apodemus
        sylvaticus, and its diverse parasite community, we developed a suite of epidemiological
        models to compare how resource provisioning alters responses for a range of these parasites
        that vary in their biology (microparasite and macroparasite), transmission mode (direct,
        environmental and vector transmitted) and duration of infection (acute, latent and chronic)
        within the same host population. We show there are common epidemiological responses to host
        resource provisioning across all parasite types examined. In particular, the epidemiological
        impact of provisioning could be driven in opposite directions, depending on which host
        pathways (contact rate, susceptibility or host demography) are most altered by the addition
        of resources to the environment. Broadly, these responses were qualitatively consistent
        across all parasite types, emphasising the importance of identifying general trade‐offs
        between provisioning‐altered parameters. Despite the qualitative consistency in responses to
        provisioning across parasite types, we predicted notable quantitative differences between
        parasites, with directly transmitted parasites (those conforming to SIR and SIS frameworks)
        predicted to show the strongest responses to provisioning among those examined, whereas the
        vector‐borne parasites showed negligible responses to provisioning. As such, these analyses
        suggest that different parasites may show different scales of response to the same
        provisioning scenario, even within the same host population. This highlights the importance
        of knowing key aspects of host–parasite biology, to understand and predict epidemiological
        responses to provisioning for any specific host–parasite system.</marc:subfield>
      </marc:datafield>
      <marc:datafield tag="592" ind1=" " ind2=" ">
         <marc:subfield code="a">Publisher supplied data</marc:subfield>
      </marc:datafield>
      <marc:datafield tag="593" ind1=" " ind2=" ">
         <marc:subfield code="a">PubAg article</marc:subfield>
      </marc:datafield>
      <marc:datafield tag="596" ind1=" " ind2=" ">
         <marc:subfield code="a">801505</marc:subfield>
         <marc:subfield code="c">H2020 Marie Skłodowska‐Curie Actions</marc:subfield>
      </marc:datafield>
      <marc:datafield tag="596" ind1=" " ind2=" ">
         <marc:subfield code="a">NE/G006830/1</marc:subfield>
         <marc:subfield code="c">Natural Environment Research Council</marc:subfield>
      </marc:datafield>
      <marc:datafield tag="596" ind1=" " ind2=" ">
         <marc:subfield code="a">NE/G007349/1</marc:subfield>
         <marc:subfield code="c">Natural Environment Research Council</marc:subfield>
      </marc:datafield>
      <marc:datafield tag="596" ind1=" " ind2=" ">
         <marc:subfield code="a">NE/I024038/1</marc:subfield>
         <marc:subfield code="c">Natural Environment Research Council</marc:subfield>
      </marc:datafield>
      <marc:datafield tag="596" ind1=" " ind2=" ">
         <marc:subfield code="a">NE/I026367/1</marc:subfield>
         <marc:subfield code="c">Natural Environment Research Council</marc:subfield>
      </marc:datafield>
      <marc:datafield tag="596" ind1=" " ind2=" ">
         <marc:subfield code="a">NE/R011397/1</marc:subfield>
         <marc:subfield code="c">Natural Environment Research Council</marc:subfield>
      </marc:datafield>
      <marc:datafield tag="596" ind1=" " ind2=" ">
         <marc:subfield code="c">University Of Edinburgh</marc:subfield>
      </marc:datafield>
      <marc:datafield tag="596" ind1=" " ind2=" ">
         <marc:subfield code="a">095831</marc:subfield>
         <marc:subfield code="c">Wellcome Trust</marc:subfield>
      </marc:datafield>
      <marc:datafield tag="650" ind1=" " ind2="3">
         <marc:subfield code="a">Apodemus sylvaticus</marc:subfield>
      </marc:datafield>
      <marc:datafield tag="650" ind1=" " ind2="3">
         <marc:subfield code="a">animal ecology</marc:subfield>
      </marc:datafield>
      <marc:datafield tag="650" ind1=" " ind2="3">
         <marc:subfield code="a">demography</marc:subfield>
      </marc:datafield>
      <marc:datafield tag="650" ind1=" " ind2="3">
         <marc:subfield code="a">empirical research</marc:subfield>
      </marc:datafield>
      <marc:datafield tag="650" ind1=" " ind2="3">
         <marc:subfield code="a">host-parasite relationships</marc:subfield>
      </marc:datafield>
      <marc:datafield tag="650" ind1=" " ind2="3">
         <marc:subfield code="a">life history</marc:subfield>
      </marc:datafield>
      <marc:datafield tag="650" ind1=" " ind2="3">
         <marc:subfield code="a">masting</marc:subfield>
      </marc:datafield>
      <marc:datafield tag="650" ind1=" " ind2="3">
         <marc:subfield code="a">parasites</marc:subfield>
      </marc:datafield>
      <marc:datafield tag="650" ind1=" " ind2="3">
         <marc:subfield code="a">pathogens</marc:subfield>
      </marc:datafield>
      <marc:datafield tag="650" ind1=" " ind2="3">
         <marc:subfield code="a">trees</marc:subfield>
      </marc:datafield>
      <marc:datafield tag="650" ind1=" " ind2="3">
         <marc:subfield code="a">wildlife</marc:subfield>
      </marc:datafield>
      <marc:datafield tag="700" ind1="1" ind2=" ">
         <marc:subfield code="a">Pedersen, Amy B.</marc:subfield>
         <marc:subfield code="e">author</marc:subfield>
         <marc:subfield code="u">Institute of Evolutionary Biology, School of Biological Sciences,
        University of Edinburgh, Edinburgh, UK</marc:subfield>
         <marc:subfield code="1">https://orcid.org/0000-0002-1385-1360</marc:subfield>
      </marc:datafield>
      <marc:datafield tag="700" ind1="1" ind2=" ">
         <marc:subfield code="a">Fenton, Andy</marc:subfield>
         <marc:subfield code="e">author</marc:subfield>
         <marc:subfield code="u">Institute of Infection, Veterinary &amp; Ecological Sciences, University of
        Liverpool, Liverpool, UK</marc:subfield>
         <marc:subfield code="1">https://orcid.org/0000-0002-7676-917X</marc:subfield>
      </marc:datafield>
      <marc:datafield tag="773" ind1="0" ind2=" ">
         <marc:subfield code="t">journal of animal ecology.</marc:subfield>
         <marc:subfield code="g">2022 Aug., v. 91, no. 8 p.1719-1730</marc:subfield>
         <marc:subfield code="d">John Wiley &amp; Sons, Ltd</marc:subfield>
         <marc:subfield code="w">Journal:jnl16424</marc:subfield>
         <marc:subfield code="x">0021-8790</marc:subfield>
         <marc:subfield code="7">nnas</marc:subfield>
      </marc:datafield>
      <marc:datafield tag="787" ind1="1" ind2=" ">
         <marc:subfield code="o">islandora_article_repository</marc:subfield>
      </marc:datafield>
      <marc:datafield tag="787" ind1="1" ind2=" ">
         <marc:subfield code="o">product_pubag</marc:subfield>
      </marc:datafield>
      <marc:datafield tag="787" ind1="1" ind2=" ">
         <marc:subfield code="o">(Journal)jnl16424</marc:subfield>
      </marc:datafield>
      <marc:datafield tag="856" ind1="4" ind2="0">
         <marc:subfield code="u">https://dx.doi.org/10.1111/1365-2656.13751</marc:subfield>
         <marc:subfield code="3">Available from publisher's site</marc:subfield>
      </marc:datafield>
      <marc:datafield tag="912" ind1=" " ind2=" ">
         <marc:subfield code="a">Article</marc:subfield>
      </marc:datafield>
      <marc:datafield tag="914" ind1=" " ind2=" ">
         <marc:subfield code="a">Journal:jnl16424</marc:subfield>
         <marc:subfield code="b">0021-8790</marc:subfield>
         <marc:subfield code="c">91</marc:subfield>
         <marc:subfield code="d">8</marc:subfield>
         <marc:subfield code="e">1719</marc:subfield>
      </marc:datafield>
      <marc:datafield tag="914" ind1=" " ind2=" ">
         <marc:subfield code="f">journal of animal ecology</marc:subfield>
      </marc:datafield>
      <marc:datafield tag="917" ind1=" " ind2=" ">
         <marc:subfield code="a">issued</marc:subfield>
      </marc:datafield>
      <marc:datafield tag="918" ind1="2" ind2=" ">
         <marc:subfield code="a">John Wiley &amp; Sons, Inc</marc:subfield>
         <marc:subfield code="e">provider</marc:subfield>
         <marc:subfield code="5">DNAL</marc:subfield>
      </marc:datafield>
      <marc:datafield tag="935" ind1=" " ind2=" ">
         <marc:subfield code="a">IND607869676</marc:subfield>
         <marc:subfield code="9">ExL</marc:subfield>
      </marc:datafield>
      <marc:datafield tag="949" ind1=" " ind2=" ">
         <marc:subfield code="a">2022-08-07</marc:subfield>
      </marc:datafield>
      <marc:datafield tag="952" ind1=" " ind2=" ">
         <marc:subfield code="d">NAL-AP-2-clean</marc:subfield>
      </marc:datafield>
      <marc:datafield tag="953" ind1=" " ind2=" ">
         <marc:subfield code="a">/data/metadata/incoming/wiley/00218790_2022_91_8.xml</marc:subfield>
      </marc:datafield>
      <marc:datafield tag="954" ind1=" " ind2=" ">
         <marc:subfield code="a">file:/data/metadata/staging/wiley/00218790_2022_91_8.xml</marc:subfield>
      </marc:datafield>
      <marc:datafield tag="955" ind1=" " ind2=" ">
         <marc:subfield code="a">/data/metadata/staging/wiley/</marc:subfield>
      </marc:datafield>
      <marc:datafield tag="974" ind1=" " ind2=" ">
         <marc:subfield code="a">agid:7869676</marc:subfield>
      </marc:datafield>
      <marc:datafield tag="983" ind1=" " ind2=" ">
         <marc:subfield code="a">2022-08-07</marc:subfield>
      </marc:datafield>
      <marc:datafield tag="984" ind1=" " ind2=" ">
         <marc:subfield code="a">2022-08-07</marc:subfield>
      </marc:datafield>
   </marc:record>