
   <marc:record>
      <marc:leader>03348nab a2200505 u 4500</marc:leader>
      <marc:controlfield tag="001">9915881789007426</marc:controlfield>
      <marc:controlfield tag="005">20221119091246.0</marc:controlfield>
      <marc:controlfield tag="008">120525e201206 xx |||||o|||||||||||eng||</marc:controlfield>
      <marc:datafield tag="016" ind1="7" ind2=" ">
         <marc:subfield code="a">IND44763390</marc:subfield>
         <marc:subfield code="2">DNAL</marc:subfield>
      </marc:datafield>
      <marc:datafield tag="024" ind1="7" ind2=" ">
         <marc:subfield code="a">10.1111/j.1442-9993.2011.02310.x</marc:subfield>
         <marc:subfield code="2">doi</marc:subfield>
      </marc:datafield>
      <marc:datafield tag="035" ind1=" " ind2=" ">
         <marc:subfield code="a">agid:552335-01nal_inst</marc:subfield>
      </marc:datafield>
      <marc:datafield tag="040" ind1=" " ind2=" ">
         <marc:subfield code="a">AGL</marc:subfield>
         <marc:subfield code="b">eng</marc:subfield>
         <marc:subfield code="c">AGL</marc:subfield>
      </marc:datafield>
      <marc:datafield tag="100" ind1="1" ind2=" ">
         <marc:subfield code="a">DA CONCEIÇÃO BISPO, POLYANNA</marc:subfield>
         <marc:subfield code="e">author</marc:subfield>
         <marc:subfield code="u"> Instituto Nacional de Pesquisas Espaciais, INPE, Divisão de Sensoriamento
        Remoto, Av dos Astronautas, 1.758, Caixa Postal 515, Jd. Granja, CEP 12227‐010, São José dos
        Campos, São Paulo, Brazil (Email: polybispo@gmail.com)</marc:subfield>
      </marc:datafield>
      <marc:datafield tag="245" ind1="1" ind2="0">
         <marc:subfield code="a">Effects of the geomorphometric characteristics of the local terrain on
        floristic composition in the central Brazilian Amazon</marc:subfield>
      </marc:datafield>
      <marc:datafield tag="300" ind1=" " ind2=" ">
         <marc:subfield code="a">p. 491-499.</marc:subfield>
      </marc:datafield>
      <marc:datafield tag="520" ind1=" " ind2=" ">
         <marc:subfield code="a">The objective of this study was to identify the effects of local
        geomorphometry on the abundance, richness and floristic composition of tree species in the
        central Brazilian Amazon. Forty‐six 0.25‐ha plots in different phyto‐ecologic sites were
        sampled, and their trees were inventoried. Geomorphometric data (elevation, slope, aspect,
        plan and profile curvatures) were derived from Shuttle Radar Topography Mission data. A
        detrended correspondence analysis (DCA) was used to examine the floristic distribution
        patterns among plots. In addition, geomorphometric variables were submitted to multiple
        regression analysis to identify the variables influencing floristic composition (represented
        by the first DCA component), abundance and species richness. Correlation analyses between
        the number of individuals from each species and the first DCA component were performed to
        evaluate the contribution of each species. Analysis of the results could not confirm an
        effect of geomorphometry alone on species richness and abundance, although floristic
        composition was significantly influenced by profile curvature and elevation. Despite the
        relatively low variation in altitude at the study site, species were found to be sensitive
        to terrain peculiarities such as elevation and profile curvature, which can constrain
        particular ecologic niches and contribute to the spatial distribution patterns of
        species.</marc:subfield>
      </marc:datafield>
      <marc:datafield tag="592" ind1=" " ind2=" ">
         <marc:subfield code="a">Publisher supplied data</marc:subfield>
      </marc:datafield>
      <marc:datafield tag="593" ind1=" " ind2=" ">
         <marc:subfield code="a">PubAg article</marc:subfield>
      </marc:datafield>
      <marc:datafield tag="650" ind1=" " ind2="3">
         <marc:subfield code="a">altitude</marc:subfield>
      </marc:datafield>
      <marc:datafield tag="650" ind1=" " ind2="3">
         <marc:subfield code="a">niches</marc:subfield>
      </marc:datafield>
      <marc:datafield tag="650" ind1=" " ind2="3">
         <marc:subfield code="a">radar</marc:subfield>
      </marc:datafield>
      <marc:datafield tag="650" ind1=" " ind2="3">
         <marc:subfield code="a">regression analysis</marc:subfield>
      </marc:datafield>
      <marc:datafield tag="650" ind1=" " ind2="3">
         <marc:subfield code="a">species diversity</marc:subfield>
      </marc:datafield>
      <marc:datafield tag="650" ind1=" " ind2="3">
         <marc:subfield code="a">trees</marc:subfield>
      </marc:datafield>
      <marc:datafield tag="651" ind1=" " ind2="3">
         <marc:subfield code="a">Amazonia</marc:subfield>
      </marc:datafield>
      <marc:datafield tag="700" ind1="1" ind2=" ">
         <marc:subfield code="a">DE MORISSON VALERIANO, MÁRCIO</marc:subfield>
         <marc:subfield code="e">author</marc:subfield>
      </marc:datafield>
      <marc:datafield tag="700" ind1="1" ind2=" ">
         <marc:subfield code="a">DOS SANTOS, JOÃO ROBERTO</marc:subfield>
         <marc:subfield code="e">author</marc:subfield>
      </marc:datafield>
      <marc:datafield tag="773" ind1="0" ind2=" ">
         <marc:subfield code="t">Austral ecology.</marc:subfield>
         <marc:subfield code="g">2012 June, v. 37, no. 4 p.491-499</marc:subfield>
         <marc:subfield code="d">Blackwell Publishing Asia</marc:subfield>
         <marc:subfield code="x">1442-9985</marc:subfield>
         <marc:subfield code="7">nnas</marc:subfield>
      </marc:datafield>
      <marc:datafield tag="787" ind1="1" ind2=" ">
         <marc:subfield code="o">islandora_article_repository</marc:subfield>
      </marc:datafield>
      <marc:datafield tag="787" ind1="1" ind2=" ">
         <marc:subfield code="o">product_pubag</marc:subfield>
      </marc:datafield>
      <marc:datafield tag="787" ind1="1" ind2=" ">
         <marc:subfield code="o">(Journal)jnl59958</marc:subfield>
      </marc:datafield>
      <marc:datafield tag="856" ind1="4" ind2="0">
         <marc:subfield code="u">http://dx.doi.org/10.1111/j.1442-9993.2011.02310.x</marc:subfield>
      </marc:datafield>
      <marc:datafield tag="912" ind1=" " ind2=" ">
         <marc:subfield code="a">Article</marc:subfield>
      </marc:datafield>
      <marc:datafield tag="914" ind1=" " ind2=" ">
         <marc:subfield code="a">Journal:jnl59958</marc:subfield>
         <marc:subfield code="b">1442-9985</marc:subfield>
         <marc:subfield code="c">37</marc:subfield>
         <marc:subfield code="d">4</marc:subfield>
         <marc:subfield code="e">491</marc:subfield>
      </marc:datafield>
      <marc:datafield tag="914" ind1=" " ind2=" ">
         <marc:subfield code="f">Austral ecology</marc:subfield>
      </marc:datafield>
      <marc:datafield tag="917" ind1=" " ind2=" ">
         <marc:subfield code="a">issued</marc:subfield>
      </marc:datafield>
      <marc:datafield tag="918" ind1="2" ind2=" ">
         <marc:subfield code="a">John Wiley &amp; Sons, Inc</marc:subfield>
         <marc:subfield code="e">provider</marc:subfield>
         <marc:subfield code="5">DNAL</marc:subfield>
      </marc:datafield>
      <marc:datafield tag="935" ind1=" " ind2=" ">
         <marc:subfield code="a">IND44763390</marc:subfield>
         <marc:subfield code="9">ExL</marc:subfield>
      </marc:datafield>
      <marc:datafield tag="949" ind1=" " ind2=" ">
         <marc:subfield code="a">2014-01-30</marc:subfield>
      </marc:datafield>
      <marc:datafield tag="951" ind1=" " ind2=" ">
         <marc:subfield code="a">2012-05-25</marc:subfield>
      </marc:datafield>
      <marc:datafield tag="953" ind1=" " ind2=" ">
         <marc:subfield code="a">14429985_2012_37_4.xml</marc:subfield>
      </marc:datafield>
      <marc:datafield tag="962" ind1=" " ind2=" ">
         <marc:subfield code="a">Journal ISSN is 1442-9993</marc:subfield>
      </marc:datafield>
      <marc:datafield tag="962" ind1=" " ind2=" ">
         <marc:subfield code="a">Batch:426 annotated on 2014-01-27T13:16:56Z</marc:subfield>
      </marc:datafield>
      <marc:datafield tag="962" ind1=" " ind2=" ">
         <marc:subfield code="a">Batch:426 reviewed on 2014-01-30T11:00:03Z</marc:subfield>
      </marc:datafield>
      <marc:datafield tag="974" ind1=" " ind2=" ">
         <marc:subfield code="a">agid:552335</marc:subfield>
      </marc:datafield>
   </marc:record>