
   <marc:record>
      <marc:leader>05005nab a2200673 u 4500</marc:leader>
      <marc:controlfield tag="001">9915881873707426</marc:controlfield>
      <marc:controlfield tag="005">20221119091103.0</marc:controlfield>
      <marc:controlfield tag="008">220518e201812 xx |||||o|||||||||||eng||</marc:controlfield>
      <marc:datafield tag="016" ind1="7" ind2=" ">
         <marc:subfield code="a">IND605904137</marc:subfield>
         <marc:subfield code="2">DNAL</marc:subfield>
      </marc:datafield>
      <marc:datafield tag="024" ind1="7" ind2=" ">
         <marc:subfield code="a">29448932</marc:subfield>
         <marc:subfield code="2">pmid</marc:subfield>
      </marc:datafield>
      <marc:datafield tag="024" ind1="7" ind2=" ">
         <marc:subfield code="a">PMC5815208</marc:subfield>
         <marc:subfield code="2">pmcid</marc:subfield>
      </marc:datafield>
      <marc:datafield tag="024" ind1="7" ind2=" ">
         <marc:subfield code="a">10.1186/s12898-018-0164-1</marc:subfield>
         <marc:subfield code="2">doi</marc:subfield>
      </marc:datafield>
      <marc:datafield tag="035" ind1=" " ind2=" ">
         <marc:subfield code="a">agid:5904137-01nal_inst</marc:subfield>
      </marc:datafield>
      <marc:datafield tag="040" ind1=" " ind2=" ">
         <marc:subfield code="a">AGL</marc:subfield>
         <marc:subfield code="b">eng</marc:subfield>
         <marc:subfield code="c">AGL</marc:subfield>
      </marc:datafield>
      <marc:datafield tag="100" ind1="1" ind2=" ">
         <marc:subfield code="a">Cannicci, Stefano</marc:subfield>
         <marc:subfield code="e">author</marc:subfield>
         <marc:subfield code="u">The Swire Institute of Marine Science and the School of Biological
        Sciences, The University of Hong Kong, Pokfulam Road, Hong Kong, Hong Kong SAR</marc:subfield>
      </marc:datafield>
      <marc:datafield tag="245" ind1="1" ind2="0">
         <marc:subfield code="a">Interference competition as a key determinant for spatial distribution of
        mangrove crabs</marc:subfield>
      </marc:datafield>
      <marc:datafield tag="300" ind1=" " ind2=" ">
         <marc:subfield code="a">p. 8.</marc:subfield>
      </marc:datafield>
      <marc:datafield tag="506" ind1=" " ind2=" ">
         <marc:subfield code="a">Resource is Open Access</marc:subfield>
         <marc:subfield code="u">http://purl.org/eprint/accessRights/OpenAccess</marc:subfield>
         <marc:subfield code="f">Unrestricted online access</marc:subfield>
         <marc:subfield code="2">star</marc:subfield>
      </marc:datafield>
      <marc:datafield tag="520" ind1=" " ind2=" ">
         <marc:subfield code="a">BACKGROUND: The spatial distribution of mangrove crabs has been commonly
        associated with tree zonation and abiotic factors such as ground temperature and soil
        granulometry. Conversely, no studies were designed to investigate the role of competition
        for resources and predation in shaping crab distribution in mangroves, despite these biotic
        factors are recognised as key determinants for spatial patterns observed in the communities
        colonising rocky and sandy intertidal habitats.We studied floral and faunal assemblages in
        two zones of a Sri Lankan mangrove, a man-made upper intertidal level and a natural
        eulittoral, mid-shore one. Leaf choice experiments were designed to study both feeding rate
        and intra and inter-specific interactions for food of sesarmid crabs in the two habitats in
        order to better understand crab spatial distribution. RESULTS: The two intertidal belts
        differed in terms of floral composition and crab species abundance. The eulittoral zone was
        strongly dominated by Neosarmatium smithi, while within the elevated littoral fringe four
        sesarmids (N. smithi, N. asiaticum, N. malabaricum and Muradium tetragonum) were more evenly
        distributed. At both levels, all sesarmids showed to collect significantly more Bruguiera
        spp. and Rhizophora apiculata leaves than Excoecaria agallocha ones. There was no temporal
        segregation in feeding activity among the four species, resulting in a high interference
        competition for leaves. Regardless of the habitat, N. smithi was always successful in
        winning inter-specific fights. CONCLUSIONS: Our results showed that the elevated littoral
        fringe was more crowded with crabs, but was less favourable in terms of food availability
        and environmental conditions. The dominance of N. smithi in gathering mangrove leaves
        suggests that this species may segregate the other sesarmids into less favourable habitats.
        The present data strongly suggest for the first time that interference competition for food
        can contribute to shape mangrove crab spatial distribution.</marc:subfield>
      </marc:datafield>
      <marc:datafield tag="592" ind1=" " ind2=" ">
         <marc:subfield code="a">Publisher supplied data</marc:subfield>
      </marc:datafield>
      <marc:datafield tag="593" ind1=" " ind2=" ">
         <marc:subfield code="a">PubAg article</marc:subfield>
      </marc:datafield>
      <marc:datafield tag="596" ind1=" " ind2=" ">
         <marc:subfield code="a">RBAU01H5C3_001</marc:subfield>
         <marc:subfield code="c">Ministero dell’Istruzione, dell’Università e della Ricerca</marc:subfield>
      </marc:datafield>
      <marc:datafield tag="650" ind1=" " ind2="3">
         <marc:subfield code="a">littoral zone</marc:subfield>
      </marc:datafield>
      <marc:datafield tag="650" ind1=" " ind2="3">
         <marc:subfield code="a">crabs</marc:subfield>
      </marc:datafield>
      <marc:datafield tag="650" ind1=" " ind2="3">
         <marc:subfield code="a">biotic factors</marc:subfield>
      </marc:datafield>
      <marc:datafield tag="650" ind1=" " ind2="3">
         <marc:subfield code="a">Bruguiera</marc:subfield>
      </marc:datafield>
      <marc:datafield tag="650" ind1=" " ind2="3">
         <marc:subfield code="a">soil</marc:subfield>
      </marc:datafield>
      <marc:datafield tag="650" ind1=" " ind2="3">
         <marc:subfield code="a">Rhizophora apiculata</marc:subfield>
      </marc:datafield>
      <marc:datafield tag="650" ind1=" " ind2="3">
         <marc:subfield code="a">environmental factors</marc:subfield>
      </marc:datafield>
      <marc:datafield tag="650" ind1=" " ind2="3">
         <marc:subfield code="a">food availability</marc:subfield>
      </marc:datafield>
      <marc:datafield tag="650" ind1=" " ind2="3">
         <marc:subfield code="a">leaves</marc:subfield>
      </marc:datafield>
      <marc:datafield tag="650" ind1=" " ind2="3">
         <marc:subfield code="a">predation</marc:subfield>
      </marc:datafield>
      <marc:datafield tag="650" ind1=" " ind2="3">
         <marc:subfield code="a">temperature</marc:subfield>
      </marc:datafield>
      <marc:datafield tag="650" ind1=" " ind2="3">
         <marc:subfield code="a">habitats</marc:subfield>
      </marc:datafield>
      <marc:datafield tag="650" ind1=" " ind2="3">
         <marc:subfield code="a">fauna</marc:subfield>
      </marc:datafield>
      <marc:datafield tag="650" ind1=" " ind2="3">
         <marc:subfield code="a">Excoecaria agallocha</marc:subfield>
      </marc:datafield>
      <marc:datafield tag="700" ind1="1" ind2=" ">
         <marc:subfield code="a">Fusi, Marco</marc:subfield>
         <marc:subfield code="e">author</marc:subfield>
         <marc:subfield code="u">Biological and Environmental Sciences and Engineering Division (BESE), King
        Abdullah University of Science and Technology (KAUST), Thuwal, 23955-6900, Saudi
        Arabia</marc:subfield>
      </marc:datafield>
      <marc:datafield tag="700" ind1="1" ind2=" ">
         <marc:subfield code="a">Cimó, Filippo</marc:subfield>
         <marc:subfield code="e">author</marc:subfield>
         <marc:subfield code="u">Department of Biology, University of Florence, via Madonna del Piano 6,
        50019, Sesto Fiorentino, Italy</marc:subfield>
      </marc:datafield>
      <marc:datafield tag="700" ind1="1" ind2=" ">
         <marc:subfield code="a">Dahdouh-Guebas, Farid</marc:subfield>
         <marc:subfield code="e">author</marc:subfield>
         <marc:subfield code="u">Laboratory of Systems Ecology and Resource Management, Université Libre de
        Bruxelles-ULB, Av. F.D. Roosevelt 50, CPi 264/1, 1050, Brussels, Belgium</marc:subfield>
      </marc:datafield>
      <marc:datafield tag="700" ind1="1" ind2=" ">
         <marc:subfield code="a">Fratini, Sara</marc:subfield>
         <marc:subfield code="e">author</marc:subfield>
         <marc:subfield code="u">Department of Biology, University of Florence, via Madonna del Piano 6,
        50019, Sesto Fiorentino, Italy. sarafratini@unifi.it</marc:subfield>
         <marc:subfield code="1">https://orcid.org/0000-0002-5754-8830</marc:subfield>
      </marc:datafield>
      <marc:datafield tag="773" ind1="0" ind2=" ">
         <marc:subfield code="t">BMC ecology.</marc:subfield>
         <marc:subfield code="g">2018 Dec., v. 18, no. 1 p.8-8</marc:subfield>
         <marc:subfield code="d">BioMed Central</marc:subfield>
         <marc:subfield code="w">Journal:jnl4138408</marc:subfield>
         <marc:subfield code="x">1472-6785</marc:subfield>
         <marc:subfield code="7">nnas</marc:subfield>
      </marc:datafield>
      <marc:datafield tag="787" ind1="1" ind2=" ">
         <marc:subfield code="o">islandora_article_repository</marc:subfield>
      </marc:datafield>
      <marc:datafield tag="787" ind1="1" ind2=" ">
         <marc:subfield code="o">product_pubag</marc:subfield>
      </marc:datafield>
      <marc:datafield tag="787" ind1="1" ind2=" ">
         <marc:subfield code="o">(Journal)jnl4138408</marc:subfield>
      </marc:datafield>
      <marc:datafield tag="856" ind1="4" ind2="0">
         <marc:subfield code="u">https://dx.doi.org/10.1186/s12898-018-0164-1</marc:subfield>
         <marc:subfield code="3">Available from publisher's site</marc:subfield>
      </marc:datafield>
      <marc:datafield tag="912" ind1=" " ind2=" ">
         <marc:subfield code="a">Article</marc:subfield>
      </marc:datafield>
      <marc:datafield tag="914" ind1=" " ind2=" ">
         <marc:subfield code="a">Journal:jnl4138408</marc:subfield>
         <marc:subfield code="b">1472-6785</marc:subfield>
         <marc:subfield code="c">18</marc:subfield>
         <marc:subfield code="d">1</marc:subfield>
         <marc:subfield code="e">8</marc:subfield>
      </marc:datafield>
      <marc:datafield tag="914" ind1=" " ind2=" ">
         <marc:subfield code="f">BMC ecology</marc:subfield>
      </marc:datafield>
      <marc:datafield tag="916" ind1=" " ind2=" ">
         <marc:subfield code="a">Batch:1967</marc:subfield>
      </marc:datafield>
      <marc:datafield tag="917" ind1=" " ind2=" ">
         <marc:subfield code="a">issued</marc:subfield>
      </marc:datafield>
      <marc:datafield tag="918" ind1="2" ind2=" ">
         <marc:subfield code="a">Springer</marc:subfield>
         <marc:subfield code="e">provider</marc:subfield>
         <marc:subfield code="5">DNAL</marc:subfield>
      </marc:datafield>
      <marc:datafield tag="935" ind1=" " ind2=" ">
         <marc:subfield code="a">IND605904137</marc:subfield>
         <marc:subfield code="9">ExL</marc:subfield>
      </marc:datafield>
      <marc:datafield tag="949" ind1=" " ind2=" ">
         <marc:subfield code="a">2018-12-22</marc:subfield>
      </marc:datafield>
      <marc:datafield tag="953" ind1=" " ind2=" ">
         <marc:subfield code="a">/data/metadata/incoming/springer/ftp_PUB_22-05-18_05-31-20.zip</marc:subfield>
      </marc:datafield>
      <marc:datafield tag="954" ind1=" " ind2=" ">
         <marc:subfield code="a">file:/data/metadata/staging/springer/12898-18-1.xml</marc:subfield>
      </marc:datafield>
      <marc:datafield tag="955" ind1=" " ind2=" ">
         <marc:subfield code="a">/data/metadata/staging/springer/</marc:subfield>
      </marc:datafield>
      <marc:datafield tag="974" ind1=" " ind2=" ">
         <marc:subfield code="a">agid:5904137</marc:subfield>
      </marc:datafield>
      <marc:datafield tag="983" ind1=" " ind2=" ">
         <marc:subfield code="a">2022-05-18</marc:subfield>
      </marc:datafield>
      <marc:datafield tag="984" ind1=" " ind2=" ">
         <marc:subfield code="a">2022-05-18</marc:subfield>
      </marc:datafield>
   </marc:record>