
   <marc:record>
      <marc:leader>06021nab a2200877 u 4500</marc:leader>
      <marc:controlfield tag="001">9915882704107426</marc:controlfield>
      <marc:controlfield tag="005">20221119094947.0</marc:controlfield>
      <marc:controlfield tag="008">191018e20170824xx |||||o|||||||||||eng||</marc:controlfield>
      <marc:datafield tag="016" ind1="7" ind2=" ">
         <marc:subfield code="a">IND606736000</marc:subfield>
         <marc:subfield code="2">DNAL</marc:subfield>
      </marc:datafield>
      <marc:datafield tag="024" ind1="7" ind2=" ">
         <marc:subfield code="a">10.1093/jpe/rtx046</marc:subfield>
         <marc:subfield code="2">doi</marc:subfield>
      </marc:datafield>
      <marc:datafield tag="035" ind1=" " ind2=" ">
         <marc:subfield code="a">agid:6736000-01nal_inst</marc:subfield>
      </marc:datafield>
      <marc:datafield tag="040" ind1=" " ind2=" ">
         <marc:subfield code="a">AGL</marc:subfield>
         <marc:subfield code="b">eng</marc:subfield>
         <marc:subfield code="c">AGL</marc:subfield>
      </marc:datafield>
      <marc:datafield tag="100" ind1="1" ind2=" ">
         <marc:subfield code="a">Wei, Xinzeng</marc:subfield>
         <marc:subfield code="e">author</marc:subfield>
         <marc:subfield code="u">Key Laboratory of Aquatic Botany and Watershed Ecology, Wuhan Botanical
        Garden, Chinese Academy of Sciences, Wuchang, Wuhan, Hubei, China</marc:subfield>
      </marc:datafield>
      <marc:datafield tag="245" ind1="1" ind2="0">
         <marc:subfield code="a">Pattern and drivers of species-genetic diversity correlation in natural
        forest tree communities across a biodiversity hotspot</marc:subfield>
      </marc:datafield>
      <marc:datafield tag="300" ind1=" " ind2=" ">
         <marc:subfield code="a">p. 761-770.</marc:subfield>
      </marc:datafield>
      <marc:datafield tag="520" ind1=" " ind2=" ">
         <marc:subfield code="a">Exploring species-genetic diversity correlation (SGDC) is essential for
        understanding spatial patterns of diversity and the underlying mechanisms. Until now,
        latitudinal patterns of species diversity (SD) and genetic diversity (GD) were rarely
        studied simultaneously. As the freezing-tolerance hypothesis predicts a decrease of SD from
        low to high latitudes and the central-marginal hypothesis predicts a unimodal pattern of GD
        along latitude, we hypothesized that SD and GD are uncorrelated. We also tested how climatic
        and edaphic factors affect the correlation between the two levels of biodiversity. We
        measured (i) SD (species richness and Simpson’s diversity index) and community dissimilarity
        of woody plants (63 plots), (ii) GD (allelic richness and expected heterozygosity) and
        genetic differentiation of a dominant tree species (Euptelea pleiospermum; 678 individuals
        from 21 populations) using nuclear microsatellite data, and (iii) climatic (annual mean
        precipitation, annual mean temperature, minimum temperature, maximum temperature, annual
        relative moisture, solar radiation, photosynthetically active radiation) and edaphic (total
        C, total N, total P, available P, K, Ca, Mg, Al, Fe, Mn, Ni, Zn, B, Mo, Cu, pH) variables of
        21 sites. We conducted both linear and quadratic regression analyses of diversity parameters
        against latitude. Relationships between SD and GD were tested using Pearson’s correlation.
        Pearson’s and Spearman’s ρ correlation coefficients were calculated between diversity
        parameters and environmental variables. We used stepwise multiple regression analysis to
        identify the significant environmental predictors of SD and GD. We observed no significant
        correlation between measures of SD and GD. SD decreases with increasing latitude, which can
        be partly explained by the freezing-tolerance hypothesis, whereas GD presents a unimodal
        pattern along the latitudinal gradient, which is consistent with the prediction of the
        central-marginal hypothesis. The contrasting latitudinal patterns of SD and GD indicate that
        the two levels of biodiversity do not co-vary in space. Based on both correlation analysis
        and stepwise multiple regression analysis, SD is only related to climatic variables, whereas
        GD is mainly related to edaphic variables. Our results show that different geographical and
        environmental factors affect SD and GD, driving the non-significant correlation between the
        two fundamental levels of biodiversity. Furthermore, a significantly positive correlation
        was observed between genetic distance and community dissimilarity, both of which were
        significantly correlated with geographical distance.</marc:subfield>
      </marc:datafield>
      <marc:datafield tag="592" ind1=" " ind2=" ">
         <marc:subfield code="a">Publisher supplied data</marc:subfield>
      </marc:datafield>
      <marc:datafield tag="593" ind1=" " ind2=" ">
         <marc:subfield code="a">PubAg article</marc:subfield>
      </marc:datafield>
      <marc:datafield tag="596" ind1=" " ind2=" ">
         <marc:subfield code="a">31270562</marc:subfield>
         <marc:subfield code="a">31470515</marc:subfield>
         <marc:subfield code="c">National Natural Science Foundation of China</marc:subfield>
         <marc:subfield code="d">https://doi.org/10.13039/501100001809</marc:subfield>
      </marc:datafield>
      <marc:datafield tag="650" ind1=" " ind2="3">
         <marc:subfield code="a">aluminum</marc:subfield>
      </marc:datafield>
      <marc:datafield tag="650" ind1=" " ind2="3">
         <marc:subfield code="a">calcium</marc:subfield>
      </marc:datafield>
      <marc:datafield tag="650" ind1=" " ind2="3">
         <marc:subfield code="a">climatic factors</marc:subfield>
      </marc:datafield>
      <marc:datafield tag="650" ind1=" " ind2="3">
         <marc:subfield code="a">cold tolerance</marc:subfield>
      </marc:datafield>
      <marc:datafield tag="650" ind1=" " ind2="3">
         <marc:subfield code="a">copper</marc:subfield>
      </marc:datafield>
      <marc:datafield tag="650" ind1=" " ind2="3">
         <marc:subfield code="a">edaphic factors</marc:subfield>
      </marc:datafield>
      <marc:datafield tag="650" ind1=" " ind2="3">
         <marc:subfield code="a">forest trees</marc:subfield>
      </marc:datafield>
      <marc:datafield tag="650" ind1=" " ind2="3">
         <marc:subfield code="a">genetic distance</marc:subfield>
      </marc:datafield>
      <marc:datafield tag="650" ind1=" " ind2="3">
         <marc:subfield code="a">genetic variation</marc:subfield>
      </marc:datafield>
      <marc:datafield tag="650" ind1=" " ind2="3">
         <marc:subfield code="a">heterozygosity</marc:subfield>
      </marc:datafield>
      <marc:datafield tag="650" ind1=" " ind2="3">
         <marc:subfield code="a">iron</marc:subfield>
      </marc:datafield>
      <marc:datafield tag="650" ind1=" " ind2="3">
         <marc:subfield code="a">latitude</marc:subfield>
      </marc:datafield>
      <marc:datafield tag="650" ind1=" " ind2="3">
         <marc:subfield code="a">magnesium</marc:subfield>
      </marc:datafield>
      <marc:datafield tag="650" ind1=" " ind2="3">
         <marc:subfield code="a">manganese</marc:subfield>
      </marc:datafield>
      <marc:datafield tag="650" ind1=" " ind2="3">
         <marc:subfield code="a">microsatellite repeats</marc:subfield>
      </marc:datafield>
      <marc:datafield tag="650" ind1=" " ind2="3">
         <marc:subfield code="a">molybdenum</marc:subfield>
      </marc:datafield>
      <marc:datafield tag="650" ind1=" " ind2="3">
         <marc:subfield code="a">nickel</marc:subfield>
      </marc:datafield>
      <marc:datafield tag="650" ind1=" " ind2="3">
         <marc:subfield code="a">pH</marc:subfield>
      </marc:datafield>
      <marc:datafield tag="650" ind1=" " ind2="3">
         <marc:subfield code="a">phosphorus</marc:subfield>
      </marc:datafield>
      <marc:datafield tag="650" ind1=" " ind2="3">
         <marc:subfield code="a">photosynthetically active radiation</marc:subfield>
      </marc:datafield>
      <marc:datafield tag="650" ind1=" " ind2="3">
         <marc:subfield code="a">potassium</marc:subfield>
      </marc:datafield>
      <marc:datafield tag="650" ind1=" " ind2="3">
         <marc:subfield code="a">prediction</marc:subfield>
      </marc:datafield>
      <marc:datafield tag="650" ind1=" " ind2="3">
         <marc:subfield code="a">regression analysis</marc:subfield>
      </marc:datafield>
      <marc:datafield tag="650" ind1=" " ind2="3">
         <marc:subfield code="a">solar radiation</marc:subfield>
      </marc:datafield>
      <marc:datafield tag="650" ind1=" " ind2="3">
         <marc:subfield code="a">species richness</marc:subfield>
      </marc:datafield>
      <marc:datafield tag="650" ind1=" " ind2="3">
         <marc:subfield code="a">temperature</marc:subfield>
      </marc:datafield>
      <marc:datafield tag="650" ind1=" " ind2="3">
         <marc:subfield code="a">total nitrogen</marc:subfield>
      </marc:datafield>
      <marc:datafield tag="650" ind1=" " ind2="3">
         <marc:subfield code="a">total phosphorus</marc:subfield>
      </marc:datafield>
      <marc:datafield tag="650" ind1=" " ind2="3">
         <marc:subfield code="a">woody plants</marc:subfield>
      </marc:datafield>
      <marc:datafield tag="650" ind1=" " ind2="3">
         <marc:subfield code="a">zinc</marc:subfield>
      </marc:datafield>
      <marc:datafield tag="653" ind1=" " ind2="0">
         <marc:subfield code="a">climatic factor</marc:subfield>
      </marc:datafield>
      <marc:datafield tag="653" ind1=" " ind2="0">
         <marc:subfield code="a">edaphic factor</marc:subfield>
      </marc:datafield>
      <marc:datafield tag="653" ind1=" " ind2="0">
         <marc:subfield code="a">Euptelea pleiospermum</marc:subfield>
      </marc:datafield>
      <marc:datafield tag="653" ind1=" " ind2="0">
         <marc:subfield code="a">species-genetic diversity correlation</marc:subfield>
      </marc:datafield>
      <marc:datafield tag="700" ind1="1" ind2=" ">
         <marc:subfield code="a">Bao, Dachuan</marc:subfield>
         <marc:subfield code="e">author</marc:subfield>
         <marc:subfield code="u">Key Laboratory of Aquatic Botany and Watershed Ecology, Wuhan Botanical
        Garden, Chinese Academy of Sciences, Wuchang, Wuhan, Hubei, China</marc:subfield>
      </marc:datafield>
      <marc:datafield tag="700" ind1="1" ind2=" ">
         <marc:subfield code="a">Meng, Hongjie</marc:subfield>
         <marc:subfield code="e">author</marc:subfield>
         <marc:subfield code="u">Key Laboratory of Aquatic Botany and Watershed Ecology, Wuhan Botanical
        Garden, Chinese Academy of Sciences, Wuchang, Wuhan, Hubei, China</marc:subfield>
      </marc:datafield>
      <marc:datafield tag="700" ind1="1" ind2=" ">
         <marc:subfield code="a">Jiang, Mingxi</marc:subfield>
         <marc:subfield code="e">author</marc:subfield>
         <marc:subfield code="u">Key Laboratory of Aquatic Botany and Watershed Ecology, Wuhan Botanical
        Garden, Chinese Academy of Sciences, Wuchang, Wuhan, Hubei, China</marc:subfield>
      </marc:datafield>
      <marc:datafield tag="773" ind1="0" ind2=" ">
         <marc:subfield code="t">Journal of plant ecology.</marc:subfield>
         <marc:subfield code="g">2017 Aug. 24, v. 11, no. 5 p.761-770</marc:subfield>
         <marc:subfield code="d">Oxford University Press</marc:subfield>
         <marc:subfield code="w">Journal:J000000111</marc:subfield>
         <marc:subfield code="x">1752-993X</marc:subfield>
         <marc:subfield code="7">nnas</marc:subfield>
      </marc:datafield>
      <marc:datafield tag="787" ind1="1" ind2=" ">
         <marc:subfield code="o">islandora_article_repository</marc:subfield>
      </marc:datafield>
      <marc:datafield tag="787" ind1="1" ind2=" ">
         <marc:subfield code="o">product_pubag</marc:subfield>
      </marc:datafield>
      <marc:datafield tag="787" ind1="1" ind2=" ">
         <marc:subfield code="o">(Journal)J000000111</marc:subfield>
      </marc:datafield>
      <marc:datafield tag="856" ind1="4" ind2="0">
         <marc:subfield code="u">http://dx.doi.org/10.1093/jpe/rtx046</marc:subfield>
         <marc:subfield code="3">Available from publisher's site</marc:subfield>
      </marc:datafield>
      <marc:datafield tag="912" ind1=" " ind2=" ">
         <marc:subfield code="a">Article</marc:subfield>
      </marc:datafield>
      <marc:datafield tag="914" ind1=" " ind2=" ">
         <marc:subfield code="a">Journal:J000000111</marc:subfield>
         <marc:subfield code="b">1752-993X</marc:subfield>
         <marc:subfield code="c">11</marc:subfield>
         <marc:subfield code="d">5</marc:subfield>
         <marc:subfield code="e">761</marc:subfield>
      </marc:datafield>
      <marc:datafield tag="914" ind1=" " ind2=" ">
         <marc:subfield code="f">Journal of plant ecology</marc:subfield>
      </marc:datafield>
      <marc:datafield tag="916" ind1=" " ind2=" ">
         <marc:subfield code="a">Batch:2523</marc:subfield>
      </marc:datafield>
      <marc:datafield tag="917" ind1=" " ind2=" ">
         <marc:subfield code="a">issued</marc:subfield>
      </marc:datafield>
      <marc:datafield tag="918" ind1="2" ind2=" ">
         <marc:subfield code="a">Oxford University Press</marc:subfield>
         <marc:subfield code="e">provider</marc:subfield>
         <marc:subfield code="5">DNAL</marc:subfield>
      </marc:datafield>
      <marc:datafield tag="935" ind1=" " ind2=" ">
         <marc:subfield code="a">IND606736000</marc:subfield>
         <marc:subfield code="9">ExL</marc:subfield>
      </marc:datafield>
      <marc:datafield tag="949" ind1=" " ind2=" ">
         <marc:subfield code="a">2020-07-21</marc:subfield>
      </marc:datafield>
      <marc:datafield tag="953" ind1=" " ind2=" ">
         <marc:subfield code="a">/data/metadata/incoming/oxford/jpe11_5xml.zip</marc:subfield>
      </marc:datafield>
      <marc:datafield tag="954" ind1=" " ind2=" ">
         <marc:subfield code="a">file:/data/metadata/staging/oxford/rtx046.xml</marc:subfield>
      </marc:datafield>
      <marc:datafield tag="955" ind1=" " ind2=" ">
         <marc:subfield code="a">/data/metadata/staging/oxford/</marc:subfield>
      </marc:datafield>
      <marc:datafield tag="962" ind1=" " ind2=" ">
         <marc:subfield code="a">Batch:2523 reviewed on 2020-07-21T04:00:04Z</marc:subfield>
      </marc:datafield>
      <marc:datafield tag="974" ind1=" " ind2=" ">
         <marc:subfield code="a">agid:6736000</marc:subfield>
      </marc:datafield>
      <marc:datafield tag="983" ind1=" " ind2=" ">
         <marc:subfield code="a">2019-10-18</marc:subfield>
      </marc:datafield>
      <marc:datafield tag="984" ind1=" " ind2=" ">
         <marc:subfield code="a">2020-07-21</marc:subfield>
      </marc:datafield>
   </marc:record>