
   <marc:record>
      <marc:leader>04792nab a2200577 u 4500</marc:leader>
      <marc:controlfield tag="001">9915882735607426</marc:controlfield>
      <marc:controlfield tag="005">20221119095003.0</marc:controlfield>
      <marc:controlfield tag="008">220327e202203 xx |||||o|||||||||||eng||</marc:controlfield>
      <marc:datafield tag="016" ind1="7" ind2=" ">
         <marc:subfield code="a">IND607716812</marc:subfield>
         <marc:subfield code="2">DNAL</marc:subfield>
      </marc:datafield>
      <marc:datafield tag="024" ind1="7" ind2=" ">
         <marc:subfield code="a">10.1007/s00442-022-05142-7</marc:subfield>
         <marc:subfield code="2">doi</marc:subfield>
      </marc:datafield>
      <marc:datafield tag="035" ind1=" " ind2=" ">
         <marc:subfield code="a">agid:7716812-01nal_inst</marc:subfield>
      </marc:datafield>
      <marc:datafield tag="040" ind1=" " ind2=" ">
         <marc:subfield code="a">AGL</marc:subfield>
         <marc:subfield code="b">eng</marc:subfield>
         <marc:subfield code="c">AGL</marc:subfield>
      </marc:datafield>
      <marc:datafield tag="100" ind1="1" ind2=" ">
         <marc:subfield code="a">Vissoto, Maiara</marc:subfield>
         <marc:subfield code="e">author</marc:subfield>
         <marc:subfield code="u">Programa de Pós-Graduação em Biologia Animal, Departamento de Ecologia,
        Zoologia e Genética, Universidade Federal de Pelotas, Pelotas, Rio Grande do Sul, Brazil.
        maiara_mv@hotmail.com</marc:subfield>
         <marc:subfield code="1">https://orcid.org/0000-0003-1578-5798</marc:subfield>
      </marc:datafield>
      <marc:datafield tag="245" ind1="1" ind2="0">
         <marc:subfield code="a">Plant height and spatial context influence individual connectivity and
        specialization on seed dispersers in a tree population</marc:subfield>
      </marc:datafield>
      <marc:datafield tag="300" ind1=" " ind2=" ">
         <marc:subfield code="a">p. 721-731.</marc:subfield>
      </marc:datafield>
      <marc:datafield tag="520" ind1=" " ind2=" ">
         <marc:subfield code="a">While network analyses have stimulated a renewed interest in understanding
        patterns and drivers of specialization within communities, few studies have explored
        specialization within populations. Thus, in plant populations, causes and consequences of
        individual variation in their interactions with mutualistic animals remain poorly
        understood. Studying a Brazilian pepper (Schinus terebinthifolia) population, we measured
        the extent of individual variation in interactions with seed dispersers and tested whether
        connectivity (number of seed dispersers) and specialization (exclusiveness of partners) are
        associated with phenotypic and phenological traits of individuals and their spatial context.
        We found that: (i) individuals varied broadly in their connectivity and specialization on
        seed dispersers; (ii) phenotypic traits and spatial context matter more than fruiting
        duration in determining how many and how exclusive are seed dispersers of an individual;
        (iii) the individual-based network was nested and indicated that the less connected
        individuals were shorter, occurred in neighborhoods with fewer fruits, and tended to
        interact with a subset of the partners of more generalist individuals which, in turn, were
        taller and inserted in higher fruit density neighborhoods; (iv) modularity indicated the
        existence of subsets of individuals that interacted disproportionately with distinct groups
        of partners, which may occur due to differences in bird habitat use across the landscape.
        Our study underlines a remarkable interindividual variation that is overlooked when
        interactions are compiled to describe species-level interactions. Traits and spatial
        contexts that define variation among individuals may have important implications not only
        for fitness but also for sampling and description of interactions at species
        level.</marc:subfield>
      </marc:datafield>
      <marc:datafield tag="592" ind1=" " ind2=" ">
         <marc:subfield code="a">Publisher supplied data</marc:subfield>
      </marc:datafield>
      <marc:datafield tag="593" ind1=" " ind2=" ">
         <marc:subfield code="a">PubAg article</marc:subfield>
      </marc:datafield>
      <marc:datafield tag="650" ind1=" " ind2="3">
         <marc:subfield code="a">Schinus terebinthifolia</marc:subfield>
      </marc:datafield>
      <marc:datafield tag="650" ind1=" " ind2="3">
         <marc:subfield code="a">birds</marc:subfield>
      </marc:datafield>
      <marc:datafield tag="650" ind1=" " ind2="3">
         <marc:subfield code="a">fruits</marc:subfield>
      </marc:datafield>
      <marc:datafield tag="650" ind1=" " ind2="3">
         <marc:subfield code="a">habitat preferences</marc:subfield>
      </marc:datafield>
      <marc:datafield tag="650" ind1=" " ind2="3">
         <marc:subfield code="a">landscapes</marc:subfield>
      </marc:datafield>
      <marc:datafield tag="650" ind1=" " ind2="3">
         <marc:subfield code="a">phenology</marc:subfield>
      </marc:datafield>
      <marc:datafield tag="650" ind1=" " ind2="3">
         <marc:subfield code="a">phenotype</marc:subfield>
      </marc:datafield>
      <marc:datafield tag="650" ind1=" " ind2="3">
         <marc:subfield code="a">plant height</marc:subfield>
      </marc:datafield>
      <marc:datafield tag="650" ind1=" " ind2="3">
         <marc:subfield code="a">trees</marc:subfield>
      </marc:datafield>
      <marc:datafield tag="700" ind1="1" ind2=" ">
         <marc:subfield code="a">Vizentin-Bugoni, Jeferson</marc:subfield>
         <marc:subfield code="e">author</marc:subfield>
         <marc:subfield code="u">Programa de Pós-Graduação em Biologia Animal, Departamento de Ecologia,
        Zoologia e Genética, Universidade Federal de Pelotas, Pelotas, Rio Grande do Sul,
        Brazil</marc:subfield>
         <marc:subfield code="1">https://orcid.org/0000-0002-6343-3650</marc:subfield>
      </marc:datafield>
      <marc:datafield tag="700" ind1="1" ind2=" ">
         <marc:subfield code="a">Sendoya, Sebastian F.</marc:subfield>
         <marc:subfield code="e">author</marc:subfield>
         <marc:subfield code="u">Programa de Pós-Graduação em Biologia Animal, Departamento de Ecologia,
        Zoologia e Genética, Universidade Federal de Pelotas, Pelotas, Rio Grande do Sul,
        Brazil</marc:subfield>
         <marc:subfield code="1">https://orcid.org/0000-0003-3728-9090</marc:subfield>
      </marc:datafield>
      <marc:datafield tag="700" ind1="1" ind2=" ">
         <marc:subfield code="a">Gomes, Gustavo C.</marc:subfield>
         <marc:subfield code="e">author</marc:subfield>
         <marc:subfield code="u">Programa de Pós-Graduação em Desenvolvimento Territorial e Sistemas
        Agroindustriais, Universidade Federal de Pelotas, Pelotas, Rio Grande do Sul,
        Brazil</marc:subfield>
         <marc:subfield code="1">https://orcid.org/0000-0001-9869-0932</marc:subfield>
      </marc:datafield>
      <marc:datafield tag="700" ind1="1" ind2=" ">
         <marc:subfield code="a">Dias, Rafael A.</marc:subfield>
         <marc:subfield code="e">author</marc:subfield>
         <marc:subfield code="u">Programa de Pós-Graduação em Biologia Animal, Departamento de Ecologia,
        Zoologia e Genética, Universidade Federal de Pelotas, Pelotas, Rio Grande do Sul,
        Brazil</marc:subfield>
         <marc:subfield code="1">https://orcid.org/0000-0001-7203-2093</marc:subfield>
      </marc:datafield>
      <marc:datafield tag="773" ind1="0" ind2=" ">
         <marc:subfield code="t">Oecologia.</marc:subfield>
         <marc:subfield code="g">2022 Mar., v. 198, no. 3 p.721-731</marc:subfield>
         <marc:subfield code="d">Springer Berlin Heidelberg</marc:subfield>
         <marc:subfield code="w">Journal:jnl44754</marc:subfield>
         <marc:subfield code="x">0029-8549</marc:subfield>
         <marc:subfield code="7">nnas</marc:subfield>
      </marc:datafield>
      <marc:datafield tag="787" ind1="1" ind2=" ">
         <marc:subfield code="o">islandora_article_repository</marc:subfield>
      </marc:datafield>
      <marc:datafield tag="787" ind1="1" ind2=" ">
         <marc:subfield code="o">product_pubag</marc:subfield>
      </marc:datafield>
      <marc:datafield tag="787" ind1="1" ind2=" ">
         <marc:subfield code="o">(Journal)jnl44754</marc:subfield>
      </marc:datafield>
      <marc:datafield tag="856" ind1="4" ind2="0">
         <marc:subfield code="u">https://dx.doi.org/10.1007/s00442-022-05142-7</marc:subfield>
         <marc:subfield code="3">Available from publisher's site</marc:subfield>
      </marc:datafield>
      <marc:datafield tag="912" ind1=" " ind2=" ">
         <marc:subfield code="a">Article</marc:subfield>
      </marc:datafield>
      <marc:datafield tag="914" ind1=" " ind2=" ">
         <marc:subfield code="a">Journal:jnl44754</marc:subfield>
         <marc:subfield code="b">0029-8549</marc:subfield>
         <marc:subfield code="c">198</marc:subfield>
         <marc:subfield code="d">3</marc:subfield>
         <marc:subfield code="e">721</marc:subfield>
      </marc:datafield>
      <marc:datafield tag="914" ind1=" " ind2=" ">
         <marc:subfield code="f">Oecologia</marc:subfield>
      </marc:datafield>
      <marc:datafield tag="916" ind1=" " ind2=" ">
         <marc:subfield code="a">Batch:10254</marc:subfield>
      </marc:datafield>
      <marc:datafield tag="917" ind1=" " ind2=" ">
         <marc:subfield code="a">issued</marc:subfield>
      </marc:datafield>
      <marc:datafield tag="918" ind1="2" ind2=" ">
         <marc:subfield code="a">Springer</marc:subfield>
         <marc:subfield code="e">provider</marc:subfield>
         <marc:subfield code="5">DNAL</marc:subfield>
      </marc:datafield>
      <marc:datafield tag="935" ind1=" " ind2=" ">
         <marc:subfield code="a">IND607716812</marc:subfield>
         <marc:subfield code="9">ExL</marc:subfield>
      </marc:datafield>
      <marc:datafield tag="949" ind1=" " ind2=" ">
         <marc:subfield code="a">2022-03-27</marc:subfield>
      </marc:datafield>
      <marc:datafield tag="952" ind1=" " ind2=" ">
         <marc:subfield code="d">NAL-AP-2-clean</marc:subfield>
      </marc:datafield>
      <marc:datafield tag="953" ind1=" " ind2=" ">
         <marc:subfield code="a">/data/metadata/incoming/springer/ftp_PUB_22-03-26_05-24-53.zip</marc:subfield>
      </marc:datafield>
      <marc:datafield tag="954" ind1=" " ind2=" ">
         <marc:subfield code="a">file:/data/metadata/staging/springer/00442-198-3.xml</marc:subfield>
      </marc:datafield>
      <marc:datafield tag="955" ind1=" " ind2=" ">
         <marc:subfield code="a">/data/metadata/staging/springer/</marc:subfield>
      </marc:datafield>
      <marc:datafield tag="974" ind1=" " ind2=" ">
         <marc:subfield code="a">agid:7716812</marc:subfield>
      </marc:datafield>
      <marc:datafield tag="983" ind1=" " ind2=" ">
         <marc:subfield code="a">2022-03-27</marc:subfield>
      </marc:datafield>
      <marc:datafield tag="984" ind1=" " ind2=" ">
         <marc:subfield code="a">2022-03-27</marc:subfield>
      </marc:datafield>
   </marc:record>