
   <marc:record>
      <marc:leader>04759nab a2200661 u 4500</marc:leader>
      <marc:controlfield tag="001">9915882831607426</marc:controlfield>
      <marc:controlfield tag="005">20221119094640.0</marc:controlfield>
      <marc:controlfield tag="008">201202e201802 xx |||||o|||||||||||eng||</marc:controlfield>
      <marc:datafield tag="016" ind1="7" ind2=" ">
         <marc:subfield code="a">IND606907489</marc:subfield>
         <marc:subfield code="2">DNAL</marc:subfield>
      </marc:datafield>
      <marc:datafield tag="024" ind1="7" ind2=" ">
         <marc:subfield code="a">29527578</marc:subfield>
         <marc:subfield code="2">pmid</marc:subfield>
      </marc:datafield>
      <marc:datafield tag="024" ind1="7" ind2=" ">
         <marc:subfield code="a">PMC5842366</marc:subfield>
         <marc:subfield code="2">pmcid</marc:subfield>
      </marc:datafield>
      <marc:datafield tag="024" ind1="7" ind2=" ">
         <marc:subfield code="a">10.1016/j.heliyon.2018.e00532</marc:subfield>
         <marc:subfield code="2">doi</marc:subfield>
      </marc:datafield>
      <marc:datafield tag="035" ind1=" " ind2=" ">
         <marc:subfield code="a">agid:6907489-01nal_inst</marc:subfield>
      </marc:datafield>
      <marc:datafield tag="040" ind1=" " ind2=" ">
         <marc:subfield code="a">AGL</marc:subfield>
         <marc:subfield code="b">eng</marc:subfield>
         <marc:subfield code="c">AGL</marc:subfield>
      </marc:datafield>
      <marc:datafield tag="100" ind1="1" ind2=" ">
         <marc:subfield code="a">Hegg, Jens C.</marc:subfield>
         <marc:subfield code="e">author</marc:subfield>
         <marc:subfield code="u">Dept. of Fish &amp; Wildlife Sciences, University of Idaho, 975 W 6th St,
        Moscow, ID 83844, United States</marc:subfield>
      </marc:datafield>
      <marc:datafield tag="245" ind1="1" ind2="4">
         <marc:subfield code="a">The sound of migration: exploring data sonification as a means of
        interpreting multivariate salmon movement datasets</marc:subfield>
      </marc:datafield>
      <marc:datafield tag="500" ind1=" " ind2=" ">
         <marc:subfield code="a">NAL-AP-2-clean</marc:subfield>
      </marc:datafield>
      <marc:datafield tag="506" ind1=" " ind2=" ">
         <marc:subfield code="a">Resource is Open Access</marc:subfield>
         <marc:subfield code="u">http://purl.org/eprint/accessRights/OpenAccess</marc:subfield>
         <marc:subfield code="f">Unrestricted online access</marc:subfield>
         <marc:subfield code="2">star</marc:subfield>
      </marc:datafield>
      <marc:datafield tag="520" ind1=" " ind2=" ">
         <marc:subfield code="a">The migration of Pacific salmon is an important part of functioning
        freshwater ecosystems, but as populations have decreased and ecological conditions have
        changed, so have migration patterns. Understanding how the environment, and human impacts,
        change salmon migration behavior requires observing migration at small temporal and spatial
        scales across large geographic areas. Studying these detailed fish movements is particularly
        important for one threatened population of Chinook salmon in the Snake River of Idaho whose
        juvenile behavior may be rapidly evolving in response to dams and anthropogenic impacts.
        However, exploring movement data sets of large numbers of salmon can present challenges due
        to the difficulty of visualizing the multivariate, time-series datasets. Previous research
        indicates that sonification, representing data using sound, has the potential to enhance
        exploration of multivariate, time-series datasets. We developed sonifications of individual
        fish movements using a large dataset of salmon otolith microchemistry from Snake River Fall
        Chinook salmon. Otoliths, a balance and hearing organ in fish, provide a detailed chemical
        record of fish movements recorded in the tree-like rings they deposit each day the fish is
        alive. This data represents a scalable, multivariate dataset of salmon movement ideal for
        sonification. We tested independent listener responses to validate the effectiveness of the
        sonification tool and mapping methods. The sonifications were presented in a survey to
        untrained listeners to identify salmon movements with increasingly more fish, with and
        without visualizations. Our results showed that untrained listeners were most sensitive to
        transitions mapped to pitch and timbre. Accuracy results were non-intuitive; in aggregate,
        respondents clearly identified important transitions, but individual accuracy was low. This
        aggregate effect has potential implications for the use of sonification in the context of
        crowd-sourced data exploration. The addition of more fish, and visuals, to the sonification
        increased response time in identifying transitions.</marc:subfield>
      </marc:datafield>
      <marc:datafield tag="592" ind1=" " ind2=" ">
         <marc:subfield code="a">Publisher supplied data</marc:subfield>
      </marc:datafield>
      <marc:datafield tag="593" ind1=" " ind2=" ">
         <marc:subfield code="a">PubAg article</marc:subfield>
      </marc:datafield>
      <marc:datafield tag="650" ind1=" " ind2="3">
         <marc:subfield code="a">Oncorhynchus tshawytscha</marc:subfield>
      </marc:datafield>
      <marc:datafield tag="650" ind1=" " ind2="3">
         <marc:subfield code="a">data collection</marc:subfield>
      </marc:datafield>
      <marc:datafield tag="650" ind1=" " ind2="3">
         <marc:subfield code="a">freshwater</marc:subfield>
      </marc:datafield>
      <marc:datafield tag="650" ind1=" " ind2="3">
         <marc:subfield code="a">humans</marc:subfield>
      </marc:datafield>
      <marc:datafield tag="650" ind1=" " ind2="3">
         <marc:subfield code="a">juveniles</marc:subfield>
      </marc:datafield>
      <marc:datafield tag="650" ind1=" " ind2="3">
         <marc:subfield code="a">migratory behavior</marc:subfield>
      </marc:datafield>
      <marc:datafield tag="650" ind1=" " ind2="3">
         <marc:subfield code="a">otoliths</marc:subfield>
      </marc:datafield>
      <marc:datafield tag="650" ind1=" " ind2="3">
         <marc:subfield code="a">salmon</marc:subfield>
      </marc:datafield>
      <marc:datafield tag="650" ind1=" " ind2="3">
         <marc:subfield code="a">surveys</marc:subfield>
      </marc:datafield>
      <marc:datafield tag="650" ind1=" " ind2="3">
         <marc:subfield code="a">time series analysis</marc:subfield>
      </marc:datafield>
      <marc:datafield tag="651" ind1=" " ind2="3">
         <marc:subfield code="a">Idaho</marc:subfield>
      </marc:datafield>
      <marc:datafield tag="651" ind1=" " ind2="3">
         <marc:subfield code="a">Snake River</marc:subfield>
      </marc:datafield>
      <marc:datafield tag="653" ind1=" " ind2="0">
         <marc:subfield code="a">Acoustics</marc:subfield>
      </marc:datafield>
      <marc:datafield tag="653" ind1=" " ind2="0">
         <marc:subfield code="a">Environmental science</marc:subfield>
      </marc:datafield>
      <marc:datafield tag="653" ind1=" " ind2="0">
         <marc:subfield code="a">Biological sciences</marc:subfield>
      </marc:datafield>
      <marc:datafield tag="700" ind1="1" ind2=" ">
         <marc:subfield code="a">Middleton, Jonathan</marc:subfield>
         <marc:subfield code="e">author</marc:subfield>
         <marc:subfield code="u">Department of Music, Eastern Washington University, 119 Music Building,
        Cheney, WA 99004, United States</marc:subfield>
      </marc:datafield>
      <marc:datafield tag="700" ind1="1" ind2=" ">
         <marc:subfield code="a">Robertson, Ben Luca</marc:subfield>
         <marc:subfield code="e">author</marc:subfield>
         <marc:subfield code="u">McIntire Department of Music, University of Virginia, 112 Cabell Drive,
        Charlottesville, VA 22904, United States</marc:subfield>
      </marc:datafield>
      <marc:datafield tag="700" ind1="1" ind2=" ">
         <marc:subfield code="a">Kennedy, Brian P.</marc:subfield>
         <marc:subfield code="e">author</marc:subfield>
         <marc:subfield code="u">Dept. of Fish &amp; Wildlife Sciences, University of Idaho, 975 W 6th St,
        Moscow, ID 83844, United States</marc:subfield>
      </marc:datafield>
      <marc:datafield tag="773" ind1="0" ind2=" ">
         <marc:subfield code="t">Heliyon.</marc:subfield>
         <marc:subfield code="g">2018 Feb., v. 4, no. 2 p.e00532-</marc:subfield>
         <marc:subfield code="d">Elsevier Ltd</marc:subfield>
         <marc:subfield code="w">Journal:23264</marc:subfield>
         <marc:subfield code="x">2405-8440</marc:subfield>
         <marc:subfield code="7">nnas</marc:subfield>
      </marc:datafield>
      <marc:datafield tag="787" ind1="1" ind2=" ">
         <marc:subfield code="o">islandora_article_repository</marc:subfield>
      </marc:datafield>
      <marc:datafield tag="787" ind1="1" ind2=" ">
         <marc:subfield code="o">product_pubag</marc:subfield>
      </marc:datafield>
      <marc:datafield tag="787" ind1="1" ind2=" ">
         <marc:subfield code="o">(Journal)23264</marc:subfield>
      </marc:datafield>
      <marc:datafield tag="856" ind1="4" ind2="0">
         <marc:subfield code="u">https://dx.doi.org/10.1016/j.heliyon.2018.e00532</marc:subfield>
         <marc:subfield code="3">Available from publisher's site</marc:subfield>
      </marc:datafield>
      <marc:datafield tag="912" ind1=" " ind2=" ">
         <marc:subfield code="a">Article</marc:subfield>
      </marc:datafield>
      <marc:datafield tag="914" ind1=" " ind2=" ">
         <marc:subfield code="a">Journal:23264</marc:subfield>
         <marc:subfield code="b">2405-8440</marc:subfield>
         <marc:subfield code="c">4</marc:subfield>
         <marc:subfield code="d">2</marc:subfield>
         <marc:subfield code="e">e00532</marc:subfield>
      </marc:datafield>
      <marc:datafield tag="914" ind1=" " ind2=" ">
         <marc:subfield code="f">Heliyon</marc:subfield>
      </marc:datafield>
      <marc:datafield tag="916" ind1=" " ind2=" ">
         <marc:subfield code="a">Batch:10101</marc:subfield>
      </marc:datafield>
      <marc:datafield tag="917" ind1=" " ind2=" ">
         <marc:subfield code="a">issued</marc:subfield>
      </marc:datafield>
      <marc:datafield tag="918" ind1="2" ind2=" ">
         <marc:subfield code="a">Elsevier Consyn</marc:subfield>
         <marc:subfield code="e">provider</marc:subfield>
         <marc:subfield code="5">DNAL</marc:subfield>
      </marc:datafield>
      <marc:datafield tag="935" ind1=" " ind2=" ">
         <marc:subfield code="a">IND606907489</marc:subfield>
         <marc:subfield code="9">ExL</marc:subfield>
      </marc:datafield>
      <marc:datafield tag="949" ind1=" " ind2=" ">
         <marc:subfield code="a">2021-04-19</marc:subfield>
      </marc:datafield>
      <marc:datafield tag="953" ind1=" " ind2=" ">
         <marc:subfield code="a">/data/metadata/incoming/consyn/145045926280691447-00006-HEAD-ONLY-NEW
        CONSYN ISSNS.ZIP</marc:subfield>
      </marc:datafield>
      <marc:datafield tag="954" ind1=" " ind2=" ">
         <marc:subfield code="a">file:/data/metadata/staging/consyn/S2405844017317188.xml</marc:subfield>
      </marc:datafield>
      <marc:datafield tag="955" ind1=" " ind2=" ">
         <marc:subfield code="a">/data/metadata/staging/consyn/</marc:subfield>
      </marc:datafield>
      <marc:datafield tag="974" ind1=" " ind2=" ">
         <marc:subfield code="a">agid:6907489</marc:subfield>
      </marc:datafield>
      <marc:datafield tag="983" ind1=" " ind2=" ">
         <marc:subfield code="a">2020-12-02</marc:subfield>
      </marc:datafield>
      <marc:datafield tag="984" ind1=" " ind2=" ">
         <marc:subfield code="a">2021-04-19</marc:subfield>
      </marc:datafield>
   </marc:record>