
   <marc:record>
      <marc:leader>04257nab a2200601 u 4500</marc:leader>
      <marc:controlfield tag="001">9915883172307426</marc:controlfield>
      <marc:controlfield tag="005">20221119095121.0</marc:controlfield>
      <marc:controlfield tag="008">210827e20210729xx |||||o|||||||||||eng||</marc:controlfield>
      <marc:datafield tag="016" ind1="7" ind2=" ">
         <marc:subfield code="a">IND607485380</marc:subfield>
         <marc:subfield code="2">DNAL</marc:subfield>
      </marc:datafield>
      <marc:datafield tag="024" ind1="7" ind2=" ">
         <marc:subfield code="a">10.3390/f12081003</marc:subfield>
         <marc:subfield code="2">doi</marc:subfield>
      </marc:datafield>
      <marc:datafield tag="035" ind1=" " ind2=" ">
         <marc:subfield code="a">agid:7485380-01nal_inst</marc:subfield>
      </marc:datafield>
      <marc:datafield tag="040" ind1=" " ind2=" ">
         <marc:subfield code="a">AGL</marc:subfield>
         <marc:subfield code="b">eng</marc:subfield>
         <marc:subfield code="c">AGL</marc:subfield>
      </marc:datafield>
      <marc:datafield tag="100" ind1="1" ind2=" ">
         <marc:subfield code="a">Lee, Seunghyun </marc:subfield>
         <marc:subfield code="e">author</marc:subfield>
      </marc:datafield>
      <marc:datafield tag="245" ind1="1" ind2="0">
         <marc:subfield code="a">Spatial and Temporal Patterns of Forest Management Activities from 1990 to
        2019 to Demonstrate Additionality for Climate Change Mitigation in the Forest Sector of
        South Korea</marc:subfield>
      </marc:datafield>
      <marc:datafield tag="520" ind1=" " ind2=" ">
         <marc:subfield code="a">Forest management is key to maintaining and increasing carbon sinks in
        forests. In the context of climate change mitigation, the exact number of carbon sinks
        associated with forest management is estimated as the additionality of activities, which
        means net greenhouse gas (GHG) removals or carbon sequestration over and above those that
        would have arisen even in the absence of a given activity. This study analyzes the spatial
        and temporal patterns of forest management activities to present the forest management
        ratio, of managed area to the total forest area, as an indicator of additionality in forest
        management in South Korea. Forest management activities based on the IPCC guidelines were
        spatially constructed, and the characteristics of managed and protected forests from 1990 to
        2019 were analyzed. The results indicate that between the managed forests and roads, 90% of
        the management activities in private forests occurred within 214 m of the road, and 70% of
        the activities in the national forest occurred within 234 m. Management took place in
        easy-to-access places with gentle slopes and low elevations. The proportion of protected
        forests above 40 years old is 87.2%, higher than the average of 72% in South Korea, and it
        is expected that most forests will age and their carbon absorption capacity will decrease by
        2050. The area of tree planting and thinning is approximately 290 thousand ha per year,
        which could potentially increase the forest management ratio by up to 4.5% per year.
        However, the actual increase was at an average of 1.4%, owing to the omission of exact
        information on management activities, such as spatial coordinates and overlapping practices
        in the same management unit. The forest management ratio in South Korea as of 2019 was
        53.4%; therefore, the amount of GHG removal in the forest sectors was 53.4% of total
        absorption per year. Thus, it is necessary to make efforts to increase the ratio to enhance
        the contribution of forest sectors to climate change mitigation for the country.</marc:subfield>
      </marc:datafield>
      <marc:datafield tag="592" ind1=" " ind2=" ">
         <marc:subfield code="a">Publisher supplied data</marc:subfield>
      </marc:datafield>
      <marc:datafield tag="593" ind1=" " ind2=" ">
         <marc:subfield code="a">PubAg article</marc:subfield>
      </marc:datafield>
      <marc:datafield tag="650" ind1=" " ind2="3">
         <marc:subfield code="a">absorption</marc:subfield>
      </marc:datafield>
      <marc:datafield tag="650" ind1=" " ind2="3">
         <marc:subfield code="a">carbon</marc:subfield>
      </marc:datafield>
      <marc:datafield tag="650" ind1=" " ind2="3">
         <marc:subfield code="a">carbon sequestration</marc:subfield>
      </marc:datafield>
      <marc:datafield tag="650" ind1=" " ind2="3">
         <marc:subfield code="a">climate change</marc:subfield>
      </marc:datafield>
      <marc:datafield tag="650" ind1=" " ind2="3">
         <marc:subfield code="a">forest industries</marc:subfield>
      </marc:datafield>
      <marc:datafield tag="650" ind1=" " ind2="3">
         <marc:subfield code="a">forest management</marc:subfield>
      </marc:datafield>
      <marc:datafield tag="650" ind1=" " ind2="3">
         <marc:subfield code="a">forests</marc:subfield>
      </marc:datafield>
      <marc:datafield tag="650" ind1=" " ind2="3">
         <marc:subfield code="a">greenhouse gases</marc:subfield>
      </marc:datafield>
      <marc:datafield tag="650" ind1=" " ind2="3">
         <marc:subfield code="a">national forests</marc:subfield>
      </marc:datafield>
      <marc:datafield tag="650" ind1=" " ind2="3">
         <marc:subfield code="a">trees</marc:subfield>
      </marc:datafield>
      <marc:datafield tag="651" ind1=" " ind2="3">
         <marc:subfield code="a">South Korea</marc:subfield>
      </marc:datafield>
      <marc:datafield tag="700" ind1="1" ind2=" ">
         <marc:subfield code="a">Lee, Sunjeoung </marc:subfield>
         <marc:subfield code="e">author</marc:subfield>
         <marc:subfield code="u">Division of Forest Industry, National Institute of Forest Science, Seoul
        02455, Korea</marc:subfield>
      </marc:datafield>
      <marc:datafield tag="700" ind1="1" ind2=" ">
         <marc:subfield code="a">Han, Hee </marc:subfield>
         <marc:subfield code="e">author</marc:subfield>
         <marc:subfield code="u">Division of Forest Industry, National Institute of Forest Science, Seoul
        02455, Korea</marc:subfield>
      </marc:datafield>
      <marc:datafield tag="700" ind1="1" ind2=" ">
         <marc:subfield code="a">You, Joungwon </marc:subfield>
         <marc:subfield code="e">author</marc:subfield>
      </marc:datafield>
      <marc:datafield tag="700" ind1="1" ind2=" ">
         <marc:subfield code="a">Yim, Jongsu </marc:subfield>
         <marc:subfield code="e">author</marc:subfield>
      </marc:datafield>
      <marc:datafield tag="700" ind1="1" ind2=" ">
         <marc:subfield code="a">Bae, Jae Soo</marc:subfield>
         <marc:subfield code="e">author</marc:subfield>
      </marc:datafield>
      <marc:datafield tag="773" ind1="0" ind2=" ">
         <marc:subfield code="t">Forests.</marc:subfield>
         <marc:subfield code="g">2021 July 29, v. 12, no. 8</marc:subfield>
         <marc:subfield code="d">Multidisciplinary Digital Publishing Institute</marc:subfield>
         <marc:subfield code="w">Journal:2257</marc:subfield>
         <marc:subfield code="x">1999-4907</marc:subfield>
         <marc:subfield code="7">nnas</marc:subfield>
      </marc:datafield>
      <marc:datafield tag="787" ind1="1" ind2=" ">
         <marc:subfield code="o">islandora_article_repository</marc:subfield>
      </marc:datafield>
      <marc:datafield tag="787" ind1="1" ind2=" ">
         <marc:subfield code="o">product_pubag</marc:subfield>
      </marc:datafield>
      <marc:datafield tag="787" ind1="1" ind2=" ">
         <marc:subfield code="o">(Journal)2257</marc:subfield>
      </marc:datafield>
      <marc:datafield tag="856" ind1="4" ind2="0">
         <marc:subfield code="u">http://dx.doi.org/10.3390/f12081003</marc:subfield>
         <marc:subfield code="3">Available from publisher's site</marc:subfield>
      </marc:datafield>
      <marc:datafield tag="912" ind1=" " ind2=" ">
         <marc:subfield code="a">Article</marc:subfield>
      </marc:datafield>
      <marc:datafield tag="914" ind1=" " ind2=" ">
         <marc:subfield code="a">Journal:2257</marc:subfield>
         <marc:subfield code="b">1999-4907</marc:subfield>
         <marc:subfield code="c">12</marc:subfield>
         <marc:subfield code="d">8</marc:subfield>
      </marc:datafield>
      <marc:datafield tag="914" ind1=" " ind2=" ">
         <marc:subfield code="f">Forests</marc:subfield>
      </marc:datafield>
      <marc:datafield tag="916" ind1=" " ind2=" ">
         <marc:subfield code="a">Batch:10189</marc:subfield>
      </marc:datafield>
      <marc:datafield tag="917" ind1=" " ind2=" ">
         <marc:subfield code="a">issued</marc:subfield>
      </marc:datafield>
      <marc:datafield tag="918" ind1="2" ind2=" ">
         <marc:subfield code="a">Multidisciplinary Digital Publishing Institute</marc:subfield>
         <marc:subfield code="e">provider</marc:subfield>
         <marc:subfield code="5">DNAL</marc:subfield>
      </marc:datafield>
      <marc:datafield tag="935" ind1=" " ind2=" ">
         <marc:subfield code="a">IND607485380</marc:subfield>
         <marc:subfield code="9">ExL</marc:subfield>
      </marc:datafield>
      <marc:datafield tag="949" ind1=" " ind2=" ">
         <marc:subfield code="a">2022-02-22</marc:subfield>
      </marc:datafield>
      <marc:datafield tag="952" ind1=" " ind2=" ">
         <marc:subfield code="d">NAL-AP-2-clean</marc:subfield>
      </marc:datafield>
      <marc:datafield tag="953" ind1=" " ind2=" ">
         <marc:subfield code="a">/data/metadata/incoming/mdpinstitute/forests-v12-i08-20210826.xml</marc:subfield>
      </marc:datafield>
      <marc:datafield tag="954" ind1=" " ind2=" ">
         <marc:subfield code="a">file:/data/metadata/staging/mdpinstitute/forests-v12-i08-20210826.xml</marc:subfield>
      </marc:datafield>
      <marc:datafield tag="955" ind1=" " ind2=" ">
         <marc:subfield code="a">/data/metadata/staging/mdpinstitute/</marc:subfield>
      </marc:datafield>
      <marc:datafield tag="974" ind1=" " ind2=" ">
         <marc:subfield code="a">agid:7485380</marc:subfield>
      </marc:datafield>
      <marc:datafield tag="983" ind1=" " ind2=" ">
         <marc:subfield code="a">2021-08-27</marc:subfield>
      </marc:datafield>
      <marc:datafield tag="984" ind1=" " ind2=" ">
         <marc:subfield code="a">2022-02-17</marc:subfield>
      </marc:datafield>
   </marc:record>