
   <marc:record>
      <marc:leader>05619nab a2200709 u 4500</marc:leader>
      <marc:controlfield tag="001">9915884512707426</marc:controlfield>
      <marc:controlfield tag="005">20221119104243.0</marc:controlfield>
      <marc:controlfield tag="008">220616e202207 xx |||||o|||||||||||eng||</marc:controlfield>
      <marc:datafield tag="016" ind1="7" ind2=" ">
         <marc:subfield code="a">IND607801627</marc:subfield>
         <marc:subfield code="2">DNAL</marc:subfield>
      </marc:datafield>
      <marc:datafield tag="024" ind1="7" ind2=" ">
         <marc:subfield code="a">10.1111/jbi.14388</marc:subfield>
         <marc:subfield code="2">doi</marc:subfield>
      </marc:datafield>
      <marc:datafield tag="035" ind1=" " ind2=" ">
         <marc:subfield code="a">agid:7801627-01nal_inst</marc:subfield>
      </marc:datafield>
      <marc:datafield tag="040" ind1=" " ind2=" ">
         <marc:subfield code="a">AGL</marc:subfield>
         <marc:subfield code="b">eng</marc:subfield>
         <marc:subfield code="c">AGL</marc:subfield>
      </marc:datafield>
      <marc:datafield tag="100" ind1="1" ind2=" ">
         <marc:subfield code="a">Pérez‐Delgado, Antonio J.</marc:subfield>
         <marc:subfield code="e">author</marc:subfield>
         <marc:subfield code="u">Island Ecology and Evolution Research Group, Institute of Natural Products
        and Agrobiology (IPNA‐CSIC), La Laguna, Spain</marc:subfield>
         <marc:subfield code="1">https://orcid.org/0000-0002-3797-4058</marc:subfield>
      </marc:datafield>
      <marc:datafield tag="245" ind1="1" ind2="0">
         <marc:subfield code="a">Hidden island endemic species and their implications for cryptic speciation
        within soil arthropods</marc:subfield>
      </marc:datafield>
      <marc:datafield tag="300" ind1=" " ind2=" ">
         <marc:subfield code="a">p. 1367-1380.</marc:subfield>
      </marc:datafield>
      <marc:datafield tag="500" ind1=" " ind2=" ">
         <marc:subfield code="a">JOURNAL ARTICLE</marc:subfield>
      </marc:datafield>
      <marc:datafield tag="520" ind1=" " ind2=" ">
         <marc:subfield code="a">AIM: Specialisation to the soil environment is expected to constrain the
        spatial scale of diversification within animal lineages. In this context, flightless
        arthropod lineages, adapted to soil environments, but with broad geographical ranges,
        represent something of an anomaly. Here we investigate the diversification process within
        one such ‘anomalous’ soil specialist, an eyeless and flightless beetle species strongly
        adapted to the endogean environment but distributed across several oceanic islands.
        LOCATION: Canary Islands. TAXON: Geomitopsis franzi Coiffait, 1978 (Coleoptera,
        Staphylinidae). METHODS: We performed an integrative study, including molecular
        phylogenetics, population genomics and morphometry. Four DNA regions (two mitochondrial and
        two nuclear) were amplified and sequenced for 159 specimens from 58 localities sampled
        across five islands for phylogenetic analyses, and a dated phylogenetic tree was obtained
        using a mitogenome dataset. ddRAD‐seq data were generated to evaluate mtDNA lineages in
        sympatry against the biological species concept. RESULTS: We found high levels of genetic
        differentiation (&gt;8% COI gene divergence) among populations from different islands and
        among geographically coherent lineages within single islands. Lineages within Tenerife
        presented significant patterns of isolation by distance, with ddRAD‐seq providing evidence
        that lineages represent biological species. Morphometric analyses revealed limited
        variation. MAIN CONCLUSIONS: Geomitopsis franzi is comprised of at least seven lineages that
        merit consideration as biological species, and is best considered as a complex of cryptic
        species. The limited morphological variation across these lineages is consistent with
        adaptation to the endogean environment placing strong constraints on morphological change.
        The evolution of cryptic species should be favoured when such constraints are coupled with
        limited dispersal ability, a trait that broadly characterises the soil mesofauna.</marc:subfield>
      </marc:datafield>
      <marc:datafield tag="592" ind1=" " ind2=" ">
         <marc:subfield code="a">Publisher supplied data</marc:subfield>
      </marc:datafield>
      <marc:datafield tag="593" ind1=" " ind2=" ">
         <marc:subfield code="a">PubAg article</marc:subfield>
      </marc:datafield>
      <marc:datafield tag="596" ind1=" " ind2=" ">
         <marc:subfield code="c">Fundación CajaCanarias</marc:subfield>
      </marc:datafield>
      <marc:datafield tag="596" ind1=" " ind2=" ">
         <marc:subfield code="c">Ministerio de Ciencia e Innovación</marc:subfield>
      </marc:datafield>
      <marc:datafield tag="650" ind1=" " ind2="3">
         <marc:subfield code="a">Staphylinidae</marc:subfield>
      </marc:datafield>
      <marc:datafield tag="650" ind1=" " ind2="3">
         <marc:subfield code="a">cryptic speciation</marc:subfield>
      </marc:datafield>
      <marc:datafield tag="650" ind1=" " ind2="3">
         <marc:subfield code="a">cryptic species</marc:subfield>
      </marc:datafield>
      <marc:datafield tag="650" ind1=" " ind2="3">
         <marc:subfield code="a">data collection</marc:subfield>
      </marc:datafield>
      <marc:datafield tag="650" ind1=" " ind2="3">
         <marc:subfield code="a">edaphic factors</marc:subfield>
      </marc:datafield>
      <marc:datafield tag="650" ind1=" " ind2="3">
         <marc:subfield code="a">genes</marc:subfield>
      </marc:datafield>
      <marc:datafield tag="650" ind1=" " ind2="3">
         <marc:subfield code="a">genetic variation</marc:subfield>
      </marc:datafield>
      <marc:datafield tag="650" ind1=" " ind2="3">
         <marc:subfield code="a">indigenous species</marc:subfield>
      </marc:datafield>
      <marc:datafield tag="650" ind1=" " ind2="3">
         <marc:subfield code="a">metagenomics</marc:subfield>
      </marc:datafield>
      <marc:datafield tag="650" ind1=" " ind2="3">
         <marc:subfield code="a">mitochondria</marc:subfield>
      </marc:datafield>
      <marc:datafield tag="650" ind1=" " ind2="3">
         <marc:subfield code="a">mitochondrial genome</marc:subfield>
      </marc:datafield>
      <marc:datafield tag="650" ind1=" " ind2="3">
         <marc:subfield code="a">morphometry</marc:subfield>
      </marc:datafield>
      <marc:datafield tag="650" ind1=" " ind2="3">
         <marc:subfield code="a">phylogeny</marc:subfield>
      </marc:datafield>
      <marc:datafield tag="650" ind1=" " ind2="3">
         <marc:subfield code="a">soil</marc:subfield>
      </marc:datafield>
      <marc:datafield tag="650" ind1=" " ind2="3">
         <marc:subfield code="a">sympatry</marc:subfield>
      </marc:datafield>
      <marc:datafield tag="700" ind1="1" ind2=" ">
         <marc:subfield code="a">Arribas, Paula</marc:subfield>
         <marc:subfield code="e">author</marc:subfield>
         <marc:subfield code="u">Island Ecology and Evolution Research Group, Institute of Natural Products
        and Agrobiology (IPNA‐CSIC), La Laguna, Spain</marc:subfield>
         <marc:subfield code="1">https://orcid.org/0000-0002-0358-8271</marc:subfield>
      </marc:datafield>
      <marc:datafield tag="700" ind1="1" ind2=" ">
         <marc:subfield code="a">Hernando, Carles</marc:subfield>
         <marc:subfield code="e">author</marc:subfield>
         <marc:subfield code="u">Independent Researcher, Badalona, Catalonia, Spain</marc:subfield>
         <marc:subfield code="1">https://orcid.org/0000-0003-3607-0556</marc:subfield>
      </marc:datafield>
      <marc:datafield tag="700" ind1="1" ind2=" ">
         <marc:subfield code="a">López, Heriberto</marc:subfield>
         <marc:subfield code="e">author</marc:subfield>
         <marc:subfield code="u">Island Ecology and Evolution Research Group, Institute of Natural Products
        and Agrobiology (IPNA‐CSIC), La Laguna, Spain</marc:subfield>
         <marc:subfield code="1">https://orcid.org/0000-0001-6988-5204</marc:subfield>
      </marc:datafield>
      <marc:datafield tag="700" ind1="1" ind2=" ">
         <marc:subfield code="a">Arjona, Yurena</marc:subfield>
         <marc:subfield code="e">author</marc:subfield>
         <marc:subfield code="u">Island Ecology and Evolution Research Group, Institute of Natural Products
        and Agrobiology (IPNA‐CSIC), La Laguna, Spain</marc:subfield>
         <marc:subfield code="1">https://orcid.org/0000-0002-1851-1664</marc:subfield>
      </marc:datafield>
      <marc:datafield tag="700" ind1="1" ind2=" ">
         <marc:subfield code="a">Suárez‐Ramos, Daniel</marc:subfield>
         <marc:subfield code="e">author</marc:subfield>
         <marc:subfield code="u">Island Ecology and Evolution Research Group, Institute of Natural Products
        and Agrobiology (IPNA‐CSIC), La Laguna, Spain</marc:subfield>
         <marc:subfield code="1">https://orcid.org/0000-0003-3417-1169</marc:subfield>
      </marc:datafield>
      <marc:datafield tag="700" ind1="1" ind2=" ">
         <marc:subfield code="a">Emerson, Brent C.</marc:subfield>
         <marc:subfield code="e">author</marc:subfield>
         <marc:subfield code="u">Island Ecology and Evolution Research Group, Institute of Natural Products
        and Agrobiology (IPNA‐CSIC), La Laguna, Spain</marc:subfield>
         <marc:subfield code="1">https://orcid.org/0000-0003-4067-9858</marc:subfield>
      </marc:datafield>
      <marc:datafield tag="700" ind1="1" ind2=" ">
         <marc:subfield code="a">Andújar, Carmelo</marc:subfield>
         <marc:subfield code="e">author</marc:subfield>
         <marc:subfield code="u">Island Ecology and Evolution Research Group, Institute of Natural Products
        and Agrobiology (IPNA‐CSIC), La Laguna, Spain</marc:subfield>
         <marc:subfield code="1">https://orcid.org/0000-0001-9759-7402</marc:subfield>
      </marc:datafield>
      <marc:datafield tag="773" ind1="0" ind2=" ">
         <marc:subfield code="t">Journal of biogeography.</marc:subfield>
         <marc:subfield code="g">2022 July, v. 49, no. 7 p.1367-1380</marc:subfield>
         <marc:subfield code="d">John Wiley &amp; Sons, Ltd</marc:subfield>
         <marc:subfield code="w">Journal:jnl9765</marc:subfield>
         <marc:subfield code="x">0305-0270</marc:subfield>
         <marc:subfield code="7">nnas</marc:subfield>
      </marc:datafield>
      <marc:datafield tag="787" ind1="1" ind2=" ">
         <marc:subfield code="o">islandora_article_repository</marc:subfield>
      </marc:datafield>
      <marc:datafield tag="787" ind1="1" ind2=" ">
         <marc:subfield code="o">product_pubag</marc:subfield>
      </marc:datafield>
      <marc:datafield tag="787" ind1="1" ind2=" ">
         <marc:subfield code="o">(Journal)jnl9765</marc:subfield>
      </marc:datafield>
      <marc:datafield tag="856" ind1="4" ind2="0">
         <marc:subfield code="u">https://dx.doi.org/10.1111/jbi.14388</marc:subfield>
         <marc:subfield code="3">Available from publisher's site</marc:subfield>
      </marc:datafield>
      <marc:datafield tag="912" ind1=" " ind2=" ">
         <marc:subfield code="a">Article</marc:subfield>
      </marc:datafield>
      <marc:datafield tag="914" ind1=" " ind2=" ">
         <marc:subfield code="a">Journal:jnl9765</marc:subfield>
         <marc:subfield code="b">0305-0270</marc:subfield>
         <marc:subfield code="c">49</marc:subfield>
         <marc:subfield code="d">7</marc:subfield>
         <marc:subfield code="e">1367</marc:subfield>
      </marc:datafield>
      <marc:datafield tag="914" ind1=" " ind2=" ">
         <marc:subfield code="f">Journal of biogeography</marc:subfield>
      </marc:datafield>
      <marc:datafield tag="917" ind1=" " ind2=" ">
         <marc:subfield code="a">issued</marc:subfield>
      </marc:datafield>
      <marc:datafield tag="918" ind1="2" ind2=" ">
         <marc:subfield code="a">John Wiley &amp; Sons, Inc</marc:subfield>
         <marc:subfield code="e">provider</marc:subfield>
         <marc:subfield code="5">DNAL</marc:subfield>
      </marc:datafield>
      <marc:datafield tag="935" ind1=" " ind2=" ">
         <marc:subfield code="a">IND607801627</marc:subfield>
         <marc:subfield code="9">ExL</marc:subfield>
      </marc:datafield>
      <marc:datafield tag="949" ind1=" " ind2=" ">
         <marc:subfield code="a">2022-06-16</marc:subfield>
      </marc:datafield>
      <marc:datafield tag="952" ind1=" " ind2=" ">
         <marc:subfield code="d">NAL-AP-2-clean</marc:subfield>
      </marc:datafield>
      <marc:datafield tag="953" ind1=" " ind2=" ">
         <marc:subfield code="a">/data/metadata/incoming/wiley/03050270_2022_49_7.xml</marc:subfield>
      </marc:datafield>
      <marc:datafield tag="954" ind1=" " ind2=" ">
         <marc:subfield code="a">file:/data/metadata/staging/wiley/03050270_2022_49_7.xml</marc:subfield>
      </marc:datafield>
      <marc:datafield tag="955" ind1=" " ind2=" ">
         <marc:subfield code="a">/data/metadata/staging/wiley/</marc:subfield>
      </marc:datafield>
      <marc:datafield tag="974" ind1=" " ind2=" ">
         <marc:subfield code="a">agid:7801627</marc:subfield>
      </marc:datafield>
      <marc:datafield tag="983" ind1=" " ind2=" ">
         <marc:subfield code="a">2022-06-16</marc:subfield>
      </marc:datafield>
      <marc:datafield tag="984" ind1=" " ind2=" ">
         <marc:subfield code="a">2022-06-16</marc:subfield>
      </marc:datafield>
   </marc:record>