
   <marc:record>
      <marc:leader>04007nab a2200565 u 4500</marc:leader>
      <marc:controlfield tag="001">9915884902107426</marc:controlfield>
      <marc:controlfield tag="005">20221119054742.0</marc:controlfield>
      <marc:controlfield tag="008">030619e200211 bcc|||||o|||||||||||eng||</marc:controlfield>
      <marc:datafield tag="016" ind1="7" ind2=" ">
         <marc:subfield code="a">IND23331242</marc:subfield>
         <marc:subfield code="2">DNAL</marc:subfield>
      </marc:datafield>
      <marc:datafield tag="035" ind1=" " ind2=" ">
         <marc:subfield code="a">agid:3061448-01nal_inst</marc:subfield>
      </marc:datafield>
      <marc:datafield tag="040" ind1=" " ind2=" ">
         <marc:subfield code="a">AGL</marc:subfield>
         <marc:subfield code="b">eng</marc:subfield>
         <marc:subfield code="c">AGL</marc:subfield>
      </marc:datafield>
      <marc:datafield tag="100" ind1="1" ind2=" ">
         <marc:subfield code="a">Kull, O.</marc:subfield>
      </marc:datafield>
      <marc:datafield tag="245" ind1="1" ind2="0">
         <marc:subfield code="a">Shoot structure and growth along a vertical profile within a Populus-Tilia
        canopy</marc:subfield>
      </marc:datafield>
      <marc:datafield tag="300" ind1=" " ind2=" ">
         <marc:subfield code="a">p. 1167-1175.</marc:subfield>
      </marc:datafield>
      <marc:datafield tag="500" ind1=" " ind2=" ">
         <marc:subfield code="a">In the special issue: Linking the complexity of forest canopies to
        ecosystems and landscape function / edited by J.R. Brooks, D.G. Sprugel and M.G. Ryan.
        Proceedings of a traveling workshop held July 11-19, 2001, Washington/Oregon.</marc:subfield>
      </marc:datafield>
      <marc:datafield tag="520" ind1=" " ind2=" ">
         <marc:subfield code="a">We investigated shoot growth patterns and their relationship to the canopy
        radiation environment and the distribution of leaf photosynthetic production in a 27-m-tall
        stand of light-demanding Populus tremula L. and shade-tolerant Tilia cordata Mill. The
        species formed two distinct layers in the leaf canopy and showed different responses in
        branch architecture to the canopy light gradient. In P. tremula, shoot bifurcation decreased
        rapidly with decreasing light, and leaf display allowed capture of multidirectional light.
        In contrast, leaf display in T. cordata was limited to efficient interception of
        unidirectional light, and shoot growth and branching pattern facilitated relatively rapid
        expansion into potentially unoccupied space even in the low light of the lower canopy. At
        the canopy level, T. cordata had higher photosynthetic light-use efficiency than P. tremula,
        whereas P. tremula had higher nitrogen-use efficiency than T. cordata. However, at the
        individual leaf level, both species had similar efficiencies under comparable light
        conditions. Production of new leaf area in the canopy followed the pattern of photosynthetic
        production. However, the species differed substantially in extension growth and
        space-filling strategy. Light-demanding P. tremula expanded into new space with a few long
        shoots, with shoot length strongly dependent on photosynthetic photon flux density (PPFD).
        Production of new leaf area and extension growth were largely uncoupled in this species
        because short shoots, which do not contribute to extension growth, produced many new leaves.
        Thus, in P. tremula, the growth pattern was strongly directed toward the top of the canopy.
        In contrast, in shade-tolerant T. cordata, shoot growth was weakly related to PPFD and more
        was invested in long shoot growth on a leaf area basis compared with P. tremula. However,
        this extension growth was not directed and may serve as a passive means of avoiding
        self-shading. This study supports the hypothesis that, for a particular species, allocation
        patterns and crown architecture contribute as much to shade tolerance as leaf-level
        photosynthetic acclimation.</marc:subfield>
      </marc:datafield>
      <marc:datafield tag="650" ind1=" " ind2="3">
         <marc:subfield code="a">Populus tremula</marc:subfield>
      </marc:datafield>
      <marc:datafield tag="650" ind1=" " ind2="3">
         <marc:subfield code="a">Tilia cordata</marc:subfield>
      </marc:datafield>
      <marc:datafield tag="650" ind1=" " ind2="3">
         <marc:subfield code="a">overstory</marc:subfield>
      </marc:datafield>
      <marc:datafield tag="650" ind1=" " ind2="3">
         <marc:subfield code="a">shoots</marc:subfield>
      </marc:datafield>
      <marc:datafield tag="650" ind1=" " ind2="3">
         <marc:subfield code="a">leaves</marc:subfield>
      </marc:datafield>
      <marc:datafield tag="650" ind1=" " ind2="3">
         <marc:subfield code="a">light intensity</marc:subfield>
      </marc:datafield>
      <marc:datafield tag="650" ind1=" " ind2="3">
         <marc:subfield code="a">nutrient use efficiency</marc:subfield>
      </marc:datafield>
      <marc:datafield tag="650" ind1=" " ind2="3">
         <marc:subfield code="a">photosynthesis</marc:subfield>
      </marc:datafield>
      <marc:datafield tag="650" ind1=" " ind2="3">
         <marc:subfield code="a">net assimilation rate</marc:subfield>
      </marc:datafield>
      <marc:datafield tag="650" ind1=" " ind2="3">
         <marc:subfield code="a">spatial variation</marc:subfield>
      </marc:datafield>
      <marc:datafield tag="650" ind1=" " ind2="3">
         <marc:subfield code="a">diurnal variation</marc:subfield>
      </marc:datafield>
      <marc:datafield tag="651" ind1=" " ind2="3">
         <marc:subfield code="a">Estonia</marc:subfield>
      </marc:datafield>
      <marc:datafield tag="653" ind1=" " ind2="0">
         <marc:subfield code="a">growth</marc:subfield>
      </marc:datafield>
      <marc:datafield tag="653" ind1=" " ind2="0">
         <marc:subfield code="a">use efficiency</marc:subfield>
      </marc:datafield>
      <marc:datafield tag="653" ind1=" " ind2="0">
         <marc:subfield code="a">respiration</marc:subfield>
      </marc:datafield>
      <marc:datafield tag="653" ind1=" " ind2="0">
         <marc:subfield code="a">photosynthetic photon flux density</marc:subfield>
      </marc:datafield>
      <marc:datafield tag="700" ind1="1" ind2=" ">
         <marc:subfield code="a">Tulva, I.</marc:subfield>
      </marc:datafield>
      <marc:datafield tag="773" ind1="0" ind2=" ">
         <marc:subfield code="t">Tree physiology.</marc:subfield>
         <marc:subfield code="g">2002 Nov., v. 22, no. 15/16 p.1167-1175</marc:subfield>
         <marc:subfield code="x">0829-318X</marc:subfield>
         <marc:subfield code="7">nnas</marc:subfield>
      </marc:datafield>
      <marc:datafield tag="787" ind1="1" ind2=" ">
         <marc:subfield code="o">islandora_article_repository</marc:subfield>
      </marc:datafield>
      <marc:datafield tag="787" ind1="1" ind2=" ">
         <marc:subfield code="o">(Journal)jnl41003</marc:subfield>
      </marc:datafield>
      <marc:datafield tag="852" ind1=" " ind2=" ">
         <marc:subfield code="a">DNAL</marc:subfield>
      </marc:datafield>
      <marc:datafield tag="912" ind1=" " ind2=" ">
         <marc:subfield code="a">Article</marc:subfield>
      </marc:datafield>
      <marc:datafield tag="914" ind1=" " ind2=" ">
         <marc:subfield code="a">Journal:jnl41003</marc:subfield>
      </marc:datafield>
      <marc:datafield tag="914" ind1=" " ind2=" ">
         <marc:subfield code="f">Tree physiol</marc:subfield>
      </marc:datafield>
      <marc:datafield tag="917" ind1=" " ind2=" ">
         <marc:subfield code="a">issued</marc:subfield>
      </marc:datafield>
      <marc:datafield tag="930" ind1=" " ind2=" ">
         <marc:subfield code="a">20030801</marc:subfield>
         <marc:subfield code="b">20030801</marc:subfield>
         <marc:subfield code="c">00000000</marc:subfield>
      </marc:datafield>
      <marc:datafield tag="935" ind1=" " ind2=" ">
         <marc:subfield code="a">IND23331242</marc:subfield>
         <marc:subfield code="9">ExL</marc:subfield>
      </marc:datafield>
      <marc:datafield tag="945" ind1=" " ind2=" ">
         <marc:subfield code="a">IND</marc:subfield>
         <marc:subfield code="d">MKS</marc:subfield>
      </marc:datafield>
      <marc:datafield tag="946" ind1=" " ind2=" ">
         <marc:subfield code="a">Non-US</marc:subfield>
      </marc:datafield>
      <marc:datafield tag="952" ind1=" " ind2=" ">
         <marc:subfield code="a">20030801 20030801 00000000</marc:subfield>
         <marc:subfield code="b">IND MKS </marc:subfield>
      </marc:datafield>
      <marc:datafield tag="974" ind1=" " ind2=" ">
         <marc:subfield code="a">agid:3061448</marc:subfield>
      </marc:datafield>
      <marc:datafield tag="984" ind1=" " ind2=" ">
         <marc:subfield code="a">2014-12-22</marc:subfield>
      </marc:datafield>
      <marc:datafield tag="985" ind1=" " ind2=" ">
         <marc:subfield code="a">Converted from MARCXML to MODS version 3.4 using MARC21slim2MODS3-4.xsl
        (Revision 1.95 2014/04/23)</marc:subfield>
      </marc:datafield>
      <marc:datafield tag="986" ind1=" " ind2=" ">
         <marc:subfield code="a">3590673</marc:subfield>
      </marc:datafield>
   </marc:record>