
   <marc:record>
      <marc:leader>05810nab a2200733 u 4500</marc:leader>
      <marc:controlfield tag="001">9915885597407426</marc:controlfield>
      <marc:controlfield tag="005">20221119061215.0</marc:controlfield>
      <marc:controlfield tag="008">190128e201901 xx |||||o|||||||||||eng||</marc:controlfield>
      <marc:datafield tag="016" ind1="7" ind2=" ">
         <marc:subfield code="a">IND606277506</marc:subfield>
         <marc:subfield code="2">DNAL</marc:subfield>
      </marc:datafield>
      <marc:datafield tag="024" ind1="7" ind2=" ">
         <marc:subfield code="a">10.1111/jbi.13476</marc:subfield>
         <marc:subfield code="2">doi</marc:subfield>
      </marc:datafield>
      <marc:datafield tag="035" ind1=" " ind2=" ">
         <marc:subfield code="a">agid:6277506-01nal_inst</marc:subfield>
      </marc:datafield>
      <marc:datafield tag="040" ind1=" " ind2=" ">
         <marc:subfield code="a">AGL</marc:subfield>
         <marc:subfield code="b">eng</marc:subfield>
         <marc:subfield code="c">AGL</marc:subfield>
      </marc:datafield>
      <marc:datafield tag="100" ind1="1" ind2=" ">
         <marc:subfield code="a">Migliore, Jérémy</marc:subfield>
         <marc:subfield code="e">author</marc:subfield>
         <marc:subfield code="u">Faculté des Sciences, Service Evolution Biologique et Ecologie, Université
        Libre de Bruxelles, Bruxelles, Belgium</marc:subfield>
         <marc:subfield code="1">https://orcid.org/0000-0002-7534-9667</marc:subfield>
      </marc:datafield>
      <marc:datafield tag="245" ind1="1" ind2="0">
         <marc:subfield code="a">Pre‐Pleistocene origin of phylogeographical breaks in African rain forest
        trees: New insights from Greenwayodendron (Annonaceae) phylogenomics</marc:subfield>
      </marc:datafield>
      <marc:datafield tag="300" ind1=" " ind2=" ">
         <marc:subfield code="a">p. 212-223.</marc:subfield>
      </marc:datafield>
      <marc:datafield tag="500" ind1=" " ind2=" ">
         <marc:subfield code="a">JOURNAL ARTICLE</marc:subfield>
      </marc:datafield>
      <marc:datafield tag="520" ind1=" " ind2=" ">
         <marc:subfield code="a">AIM: Palaeoecological records indicate that Pleistocene glaciations
        affected the African rain forest, probably causing its fragmentation, which could explain
        phylogeographical breaks documented in many tree species. This refuge hypothesis was further
        tested through species distribution models, hindcasting persistence during the Last Glacial
        Maximum. However, previous studies failed to estimate with sufficient precision the
        divergence time between phylogeographical entities to confirm their Pleistocene origin.
        Developing genomic tools on a representative tree of mature rain forests, we test if
        parapatric genetic clusters documented in widespread tree species can be interpreted as the
        legacy of past population fragmentation during the last glacial period(s). LOCATION:
        Tropical Africa, Guineo‐Congolian forests. TAXON: Greenwayodendron (Annonaceae). METHODS: To
        further test the Pleistocene refuge hypothesis by molecular dating, we sequenced the
        plastome of 145 individuals of the shade‐tolerant rain forest tree Greenwayodendron
        suaveolens and congeneric species, and genotyped the same samples using nuclear
        microsatellites to identify genetic clusters. RESULTS: Five plastid phylogroups of G.
        suaveolens occur in parapatry throughout Central Africa, following a spatial pattern
        generally congruent with genetic clusters. Four of them diverged 3.5–4.5 Ma, whereas the
        fifth one, located in the Cameroon volcanic line (CVL), diverged 8.3 Ma, in the range of
        divergence times between Greenwayodendron species, highlighting the key role of the CVL in
        hosting ancient lineages. Within phylogroups, most nodes were dated from 0.9 to 3.2 Myr and
        a correlation between haplotype divergence and spatial distance was still perceptible,
        indicating a slow population dynamic. MAIN CONCLUSIONS: The phylogeographical structures of
        Central African trees probably established during the Pliocene or early Pleistocene, and
        while they might have been reinforced during subsequent glacial–interglacial cycles,
        interglacial phases did not lead to genetic homogenization. Therefore, interpreting
        phylogeographical patterns of African trees must account for a much deeper past than
        previously assumed, and cannot be limited to the last glacial period.</marc:subfield>
      </marc:datafield>
      <marc:datafield tag="592" ind1=" " ind2=" ">
         <marc:subfield code="a">Publisher supplied data</marc:subfield>
      </marc:datafield>
      <marc:datafield tag="593" ind1=" " ind2=" ">
         <marc:subfield code="a">PubAg article</marc:subfield>
      </marc:datafield>
      <marc:datafield tag="596" ind1=" " ind2=" ">
         <marc:subfield code="a">BRAIN.be BR/132/A1/AFRIFORD</marc:subfield>
         <marc:subfield code="c">BELSPO, Belgian Federal Science Policy</marc:subfield>
      </marc:datafield>
      <marc:datafield tag="596" ind1=" " ind2=" ">
         <marc:subfield code="a">J.0143.15</marc:subfield>
         <marc:subfield code="c">Fonds De La Recherche Scientifique ‐ FNRS</marc:subfield>
      </marc:datafield>
      <marc:datafield tag="596" ind1=" " ind2=" ">
         <marc:subfield code="a">J.0292.17</marc:subfield>
         <marc:subfield code="c">Fonds De La Recherche Scientifique ‐ FNRS</marc:subfield>
      </marc:datafield>
      <marc:datafield tag="596" ind1=" " ind2=" ">
         <marc:subfield code="a">ANR‐15‐CE02‐0002‐01 AFRODYN</marc:subfield>
         <marc:subfield code="c">Agence Nationale de la Recherche</marc:subfield>
      </marc:datafield>
      <marc:datafield tag="650" ind1=" " ind2="3">
         <marc:subfield code="a">Greenwayodendron suaveolens</marc:subfield>
      </marc:datafield>
      <marc:datafield tag="650" ind1=" " ind2="3">
         <marc:subfield code="a">Pliocene epoch</marc:subfield>
      </marc:datafield>
      <marc:datafield tag="650" ind1=" " ind2="3">
         <marc:subfield code="a">forest trees</marc:subfield>
      </marc:datafield>
      <marc:datafield tag="650" ind1=" " ind2="3">
         <marc:subfield code="a">genomics</marc:subfield>
      </marc:datafield>
      <marc:datafield tag="650" ind1=" " ind2="3">
         <marc:subfield code="a">genotyping</marc:subfield>
      </marc:datafield>
      <marc:datafield tag="650" ind1=" " ind2="3">
         <marc:subfield code="a">glaciation</marc:subfield>
      </marc:datafield>
      <marc:datafield tag="650" ind1=" " ind2="3">
         <marc:subfield code="a">haplotypes</marc:subfield>
      </marc:datafield>
      <marc:datafield tag="650" ind1=" " ind2="3">
         <marc:subfield code="a">homogenization</marc:subfield>
      </marc:datafield>
      <marc:datafield tag="650" ind1=" " ind2="3">
         <marc:subfield code="a">microsatellite repeats</marc:subfield>
      </marc:datafield>
      <marc:datafield tag="650" ind1=" " ind2="3">
         <marc:subfield code="a">models</marc:subfield>
      </marc:datafield>
      <marc:datafield tag="650" ind1=" " ind2="3">
         <marc:subfield code="a">paleoecology</marc:subfield>
      </marc:datafield>
      <marc:datafield tag="650" ind1=" " ind2="3">
         <marc:subfield code="a">phylogeography</marc:subfield>
      </marc:datafield>
      <marc:datafield tag="650" ind1=" " ind2="3">
         <marc:subfield code="a">rain forests</marc:subfield>
      </marc:datafield>
      <marc:datafield tag="650" ind1=" " ind2="3">
         <marc:subfield code="a">shade tolerance</marc:subfield>
      </marc:datafield>
      <marc:datafield tag="651" ind1=" " ind2="3">
         <marc:subfield code="a">Cameroon</marc:subfield>
      </marc:datafield>
      <marc:datafield tag="700" ind1="1" ind2=" ">
         <marc:subfield code="a">Kaymak, Esra</marc:subfield>
         <marc:subfield code="e">author</marc:subfield>
         <marc:subfield code="u">Faculté des Sciences, Service Evolution Biologique et Ecologie, Université
        Libre de Bruxelles, Bruxelles, Belgium</marc:subfield>
      </marc:datafield>
      <marc:datafield tag="700" ind1="1" ind2=" ">
         <marc:subfield code="a">Mariac, Cédric</marc:subfield>
         <marc:subfield code="e">author</marc:subfield>
         <marc:subfield code="u">IRD, DIADE, Univ Montpellier, Montpellier, France</marc:subfield>
         <marc:subfield code="1">https://orcid.org/0000-0001-6439-115X</marc:subfield>
      </marc:datafield>
      <marc:datafield tag="700" ind1="1" ind2=" ">
         <marc:subfield code="a">Couvreur, Thomas L. P.</marc:subfield>
         <marc:subfield code="e">author</marc:subfield>
         <marc:subfield code="u">IRD, DIADE, Univ Montpellier, Montpellier, France</marc:subfield>
         <marc:subfield code="1">https://orcid.org/0000-0002-8509-6587</marc:subfield>
      </marc:datafield>
      <marc:datafield tag="700" ind1="1" ind2=" ">
         <marc:subfield code="a">Lissambou, Brandet‐Junior</marc:subfield>
         <marc:subfield code="e">author</marc:subfield>
         <marc:subfield code="u">Faculté des Sciences, Service Evolution Biologique et Ecologie, Université
        Libre de Bruxelles, Bruxelles, Belgium</marc:subfield>
      </marc:datafield>
      <marc:datafield tag="700" ind1="1" ind2=" ">
         <marc:subfield code="a">Piñeiro, Rosalía</marc:subfield>
         <marc:subfield code="e">author</marc:subfield>
         <marc:subfield code="u">Faculté des Sciences, Service Evolution Biologique et Ecologie, Université
        Libre de Bruxelles, Bruxelles, Belgium</marc:subfield>
         <marc:subfield code="1">https://orcid.org/0000-0002-4679-7305</marc:subfield>
      </marc:datafield>
      <marc:datafield tag="700" ind1="1" ind2=" ">
         <marc:subfield code="a">Hardy, Olivier J.</marc:subfield>
         <marc:subfield code="e">author</marc:subfield>
         <marc:subfield code="u">Faculté des Sciences, Service Evolution Biologique et Ecologie, Université
        Libre de Bruxelles, Bruxelles, Belgium</marc:subfield>
         <marc:subfield code="1">https://orcid.org/0000-0003-2052-1527</marc:subfield>
      </marc:datafield>
      <marc:datafield tag="773" ind1="0" ind2=" ">
         <marc:subfield code="t">Journal of biogeography.</marc:subfield>
         <marc:subfield code="g">2019 Jan., v. 46, no. 1 p.212-223</marc:subfield>
         <marc:subfield code="d">John Wiley &amp; Sons, Ltd</marc:subfield>
         <marc:subfield code="w">Journal:jnl9765</marc:subfield>
         <marc:subfield code="x">0305-0270</marc:subfield>
         <marc:subfield code="7">nnas</marc:subfield>
      </marc:datafield>
      <marc:datafield tag="787" ind1="1" ind2=" ">
         <marc:subfield code="o">islandora_article_repository</marc:subfield>
      </marc:datafield>
      <marc:datafield tag="787" ind1="1" ind2=" ">
         <marc:subfield code="o">product_pubag</marc:subfield>
      </marc:datafield>
      <marc:datafield tag="787" ind1="1" ind2=" ">
         <marc:subfield code="o">(Journal)jnl9765</marc:subfield>
      </marc:datafield>
      <marc:datafield tag="856" ind1="4" ind2="0">
         <marc:subfield code="u">http://dx.doi.org/10.1111/jbi.13476</marc:subfield>
         <marc:subfield code="3">Available from publisher's site</marc:subfield>
      </marc:datafield>
      <marc:datafield tag="912" ind1=" " ind2=" ">
         <marc:subfield code="a">Article</marc:subfield>
      </marc:datafield>
      <marc:datafield tag="914" ind1=" " ind2=" ">
         <marc:subfield code="a">Journal:jnl9765</marc:subfield>
         <marc:subfield code="b">0305-0270</marc:subfield>
         <marc:subfield code="c">46</marc:subfield>
         <marc:subfield code="d">1</marc:subfield>
         <marc:subfield code="e">212</marc:subfield>
      </marc:datafield>
      <marc:datafield tag="914" ind1=" " ind2=" ">
         <marc:subfield code="f">Journal of biogeography</marc:subfield>
      </marc:datafield>
      <marc:datafield tag="916" ind1=" " ind2=" ">
         <marc:subfield code="a">Batch:2159</marc:subfield>
      </marc:datafield>
      <marc:datafield tag="917" ind1=" " ind2=" ">
         <marc:subfield code="a">issued</marc:subfield>
      </marc:datafield>
      <marc:datafield tag="918" ind1="2" ind2=" ">
         <marc:subfield code="a">John Wiley &amp; Sons, Inc</marc:subfield>
         <marc:subfield code="e">provider</marc:subfield>
         <marc:subfield code="5">DNAL</marc:subfield>
      </marc:datafield>
      <marc:datafield tag="935" ind1=" " ind2=" ">
         <marc:subfield code="a">IND606277506</marc:subfield>
         <marc:subfield code="9">ExL</marc:subfield>
      </marc:datafield>
      <marc:datafield tag="949" ind1=" " ind2=" ">
         <marc:subfield code="a">2019-04-03</marc:subfield>
      </marc:datafield>
      <marc:datafield tag="953" ind1=" " ind2=" ">
         <marc:subfield code="a">/data/metadata/incoming/wiley/03050270_2019_46_1.xml</marc:subfield>
      </marc:datafield>
      <marc:datafield tag="954" ind1=" " ind2=" ">
         <marc:subfield code="a">file:/data/metadata/staging/wiley/03050270_2019_46_1.xml</marc:subfield>
      </marc:datafield>
      <marc:datafield tag="955" ind1=" " ind2=" ">
         <marc:subfield code="a">/data/metadata/staging/wiley/</marc:subfield>
      </marc:datafield>
      <marc:datafield tag="962" ind1=" " ind2=" ">
         <marc:subfield code="a">Batch:2159 reviewed on 2019-04-03T16:00:04Z</marc:subfield>
      </marc:datafield>
      <marc:datafield tag="974" ind1=" " ind2=" ">
         <marc:subfield code="a">agid:6277506</marc:subfield>
      </marc:datafield>
      <marc:datafield tag="983" ind1=" " ind2=" ">
         <marc:subfield code="a">2019-01-28</marc:subfield>
      </marc:datafield>
      <marc:datafield tag="984" ind1=" " ind2=" ">
         <marc:subfield code="a">2019-04-03</marc:subfield>
      </marc:datafield>
   </marc:record>