
   <marc:record>
      <marc:leader>05707nab a2200769 u 4500</marc:leader>
      <marc:controlfield tag="001">9915885726907426</marc:controlfield>
      <marc:controlfield tag="005">20221119061441.0</marc:controlfield>
      <marc:controlfield tag="008">190503e201812 xx |||||o|||||||||||eng||</marc:controlfield>
      <marc:datafield tag="016" ind1="7" ind2=" ">
         <marc:subfield code="a">IND605904045</marc:subfield>
         <marc:subfield code="2">DNAL</marc:subfield>
      </marc:datafield>
      <marc:datafield tag="024" ind1="7" ind2=" ">
         <marc:subfield code="a">10.1186/s12870-017-1220-2</marc:subfield>
         <marc:subfield code="2">doi</marc:subfield>
      </marc:datafield>
      <marc:datafield tag="024" ind1="7" ind2=" ">
         <marc:subfield code="a">PMC5784662</marc:subfield>
         <marc:subfield code="2">pmcid</marc:subfield>
      </marc:datafield>
      <marc:datafield tag="024" ind1="7" ind2=" ">
         <marc:subfield code="a">29368590</marc:subfield>
         <marc:subfield code="2">pmid</marc:subfield>
      </marc:datafield>
      <marc:datafield tag="035" ind1=" " ind2=" ">
         <marc:subfield code="a">agid:5904045-01nal_inst</marc:subfield>
      </marc:datafield>
      <marc:datafield tag="040" ind1=" " ind2=" ">
         <marc:subfield code="a">AGL</marc:subfield>
         <marc:subfield code="b">eng</marc:subfield>
         <marc:subfield code="c">AGL</marc:subfield>
      </marc:datafield>
      <marc:datafield tag="100" ind1="1" ind2=" ">
         <marc:subfield code="a">Niu, Jun</marc:subfield>
         <marc:subfield code="e">author</marc:subfield>
         <marc:subfield code="u">Hainan Key Laboratory of Sustainable Utilization of Tropical Bioresources,
        Institute of Tropical Agriculture and Forestry, Hainan University, Haikou, Hainan, 570228,
        China. niujun5555@163.com</marc:subfield>
         <marc:subfield code="1">https://orcid.org/0000-0002-3499-394X</marc:subfield>
      </marc:datafield>
      <marc:datafield tag="245" ind1="1" ind2="0">
         <marc:subfield code="a">Identification of AUXIN RESPONSE FACTOR gene family from Prunus sibirica
        and its expression analysis during mesocarp and kernel development</marc:subfield>
      </marc:datafield>
      <marc:datafield tag="300" ind1=" " ind2=" ">
         <marc:subfield code="a">p. 21.</marc:subfield>
      </marc:datafield>
      <marc:datafield tag="506" ind1=" " ind2=" ">
         <marc:subfield code="a">Resource is Open Access</marc:subfield>
         <marc:subfield code="u">http://purl.org/eprint/accessRights/OpenAccess</marc:subfield>
         <marc:subfield code="f">Unrestricted online access</marc:subfield>
         <marc:subfield code="2">star</marc:subfield>
      </marc:datafield>
      <marc:datafield tag="520" ind1=" " ind2=" ">
         <marc:subfield code="a">BACKGROUND: Auxin response factors (ARFs) in auxin signaling pathway are an
        important component that can regulate the transcription of auxin-responsive genes involved
        in almost all aspects of plant growth and development. To our knowledge, the comprehensive
        and systematic characterization of ARF genes has never been reported in Prunus sibirica, a
        novel woody biodiesel feedstock in China. RESULTS: In this study, we identified 14 PsARF
        genes with a perfect open reading frame (ORF) in P. sibirica by using its previous
        transcriptomic data. Conserved motif analysis showed that all identified PsARF proteins had
        typical DNA-binding and ARF domain, but 5 members (PsARF3, 8 10, 16 and 17) lacked the
        dimerization domain. Phylogenetic analysis of the ARF proteins generated from various plant
        species indicated that ARFs could be categorized into 4 major groups (Class I, II, III and
        IV), in which all identified ARFs from P. sibirica showed a closest relationship with those
        from P. mume. Comparison of the expression profiles of 14 PsARF genes in different
        developmental stages of Siberian apricot mesocarp (SAM) and kernel (SAK) reflected distinct
        temporal or spatial expression patterns for PsARF genes. Additionally, based on the
        expressed data from fruit and seed development of multiple plant species, we identified 1514
        ARF-correlated genes using weighted gene co-expression network analysis (WGCNA). And the
        major portion of ARF-correlated gene was characterized to be involved in protein, nucleic
        acid and carbohydrate metabolic, transport and regulatory processes. CONCLUSIONS: In
        summary, we systematically and comprehensively analyzed the structure, expression pattern
        and co-expression network of ARF gene family in P. sibirica. All our findings provide
        theoretical foundation for the PsARF gene family and will pave the way for elucidating the
        precise role of PsARF genes in SAM and SAK development.</marc:subfield>
      </marc:datafield>
      <marc:datafield tag="592" ind1=" " ind2=" ">
         <marc:subfield code="a">Publisher supplied data</marc:subfield>
      </marc:datafield>
      <marc:datafield tag="593" ind1=" " ind2=" ">
         <marc:subfield code="a">PubAg article</marc:subfield>
      </marc:datafield>
      <marc:datafield tag="596" ind1=" " ind2=" ">
         <marc:subfield code="a">CAFYBB2016QA001</marc:subfield>
         <marc:subfield code="c">Central Public Interest Scientific Institution Basal Research
        Fund</marc:subfield>
      </marc:datafield>
      <marc:datafield tag="596" ind1=" " ind2=" ">
         <marc:subfield code="a">31700586</marc:subfield>
         <marc:subfield code="c">National Natural Science Foundation of China</marc:subfield>
      </marc:datafield>
      <marc:datafield tag="596" ind1=" " ind2=" ">
         <marc:subfield code="a">KYQD(ZR)1701</marc:subfield>
         <marc:subfield code="c">Hainan university research funded projects</marc:subfield>
      </marc:datafield>
      <marc:datafield tag="650" ind1=" " ind2="3">
         <marc:subfield code="a">Prunus sibirica</marc:subfield>
      </marc:datafield>
      <marc:datafield tag="650" ind1=" " ind2="3">
         <marc:subfield code="a">auxins</marc:subfield>
      </marc:datafield>
      <marc:datafield tag="650" ind1=" " ind2="3">
         <marc:subfield code="a">biodiesel</marc:subfield>
      </marc:datafield>
      <marc:datafield tag="650" ind1=" " ind2="3">
         <marc:subfield code="a">carbohydrates</marc:subfield>
      </marc:datafield>
      <marc:datafield tag="650" ind1=" " ind2="3">
         <marc:subfield code="a">developmental stages</marc:subfield>
      </marc:datafield>
      <marc:datafield tag="650" ind1=" " ind2="3">
         <marc:subfield code="a">dimerization</marc:subfield>
      </marc:datafield>
      <marc:datafield tag="650" ind1=" " ind2="3">
         <marc:subfield code="a">feedstocks</marc:subfield>
      </marc:datafield>
      <marc:datafield tag="650" ind1=" " ind2="3">
         <marc:subfield code="a">genes</marc:subfield>
      </marc:datafield>
      <marc:datafield tag="650" ind1=" " ind2="3">
         <marc:subfield code="a">mesocarp</marc:subfield>
      </marc:datafield>
      <marc:datafield tag="650" ind1=" " ind2="3">
         <marc:subfield code="a">nucleic acids</marc:subfield>
      </marc:datafield>
      <marc:datafield tag="650" ind1=" " ind2="3">
         <marc:subfield code="a">open reading frames</marc:subfield>
      </marc:datafield>
      <marc:datafield tag="650" ind1=" " ind2="3">
         <marc:subfield code="a">phylogeny</marc:subfield>
      </marc:datafield>
      <marc:datafield tag="650" ind1=" " ind2="3">
         <marc:subfield code="a">proteins</marc:subfield>
      </marc:datafield>
      <marc:datafield tag="650" ind1=" " ind2="3">
         <marc:subfield code="a">seed development</marc:subfield>
      </marc:datafield>
      <marc:datafield tag="650" ind1=" " ind2="3">
         <marc:subfield code="a">signal transduction</marc:subfield>
      </marc:datafield>
      <marc:datafield tag="650" ind1=" " ind2="3">
         <marc:subfield code="a">transcription (genetics)</marc:subfield>
      </marc:datafield>
      <marc:datafield tag="650" ind1=" " ind2="3">
         <marc:subfield code="a">transcriptomics</marc:subfield>
      </marc:datafield>
      <marc:datafield tag="651" ind1=" " ind2="3">
         <marc:subfield code="a">China</marc:subfield>
      </marc:datafield>
      <marc:datafield tag="700" ind1="1" ind2=" ">
         <marc:subfield code="a">Bi, Quanxin</marc:subfield>
         <marc:subfield code="e">author</marc:subfield>
         <marc:subfield code="u">State Key Laboratory of Tree Genetics and Breeding, Research Institute of
        Forestry, Chinese Academy of Forestry, Beijing, 100091, China</marc:subfield>
      </marc:datafield>
      <marc:datafield tag="700" ind1="1" ind2=" ">
         <marc:subfield code="a">Deng, Shuya</marc:subfield>
         <marc:subfield code="e">author</marc:subfield>
         <marc:subfield code="u">Hainan Key Laboratory of Sustainable Utilization of Tropical Bioresources,
        Institute of Tropical Agriculture and Forestry, Hainan University, Haikou, Hainan, 570228,
        China</marc:subfield>
      </marc:datafield>
      <marc:datafield tag="700" ind1="1" ind2=" ">
         <marc:subfield code="a">Chen, Huiping</marc:subfield>
         <marc:subfield code="e">author</marc:subfield>
         <marc:subfield code="u">Hainan Key Laboratory of Sustainable Utilization of Tropical Bioresources,
        Institute of Tropical Agriculture and Forestry, Hainan University, Haikou, Hainan, 570228,
        China</marc:subfield>
      </marc:datafield>
      <marc:datafield tag="700" ind1="1" ind2=" ">
         <marc:subfield code="a">Yu, Haiyan</marc:subfield>
         <marc:subfield code="e">author</marc:subfield>
         <marc:subfield code="u">State Key Laboratory of Tree Genetics and Breeding, Research Institute of
        Forestry, Chinese Academy of Forestry, Beijing, 100091, China</marc:subfield>
      </marc:datafield>
      <marc:datafield tag="700" ind1="1" ind2=" ">
         <marc:subfield code="a">Wang, Libing</marc:subfield>
         <marc:subfield code="e">author</marc:subfield>
         <marc:subfield code="u">State Key Laboratory of Tree Genetics and Breeding, Research Institute of
        Forestry, Chinese Academy of Forestry, Beijing, 100091, China</marc:subfield>
      </marc:datafield>
      <marc:datafield tag="700" ind1="1" ind2=" ">
         <marc:subfield code="a">Lin, Shanzhi</marc:subfield>
         <marc:subfield code="e">author</marc:subfield>
         <marc:subfield code="u">Key Laboratory of Genetics and Breeding in Forest Trees and Ornamental
        Plants, College of Biological Sciences and Biotechnology, Beijing Forestry University,
        Beijing, 10083, China</marc:subfield>
      </marc:datafield>
      <marc:datafield tag="773" ind1="0" ind2=" ">
         <marc:subfield code="t">BMC plant biology.</marc:subfield>
         <marc:subfield code="g">2018 Dec., v. 18, no. 1 p.21-21</marc:subfield>
         <marc:subfield code="d">BioMed Central</marc:subfield>
         <marc:subfield code="w">Journal:2167</marc:subfield>
         <marc:subfield code="x">1471-2229</marc:subfield>
         <marc:subfield code="7">nnas</marc:subfield>
      </marc:datafield>
      <marc:datafield tag="787" ind1="1" ind2=" ">
         <marc:subfield code="o">islandora_article_repository</marc:subfield>
      </marc:datafield>
      <marc:datafield tag="787" ind1="1" ind2=" ">
         <marc:subfield code="o">product_pubag</marc:subfield>
      </marc:datafield>
      <marc:datafield tag="787" ind1="1" ind2=" ">
         <marc:subfield code="o">(Journal)2167</marc:subfield>
      </marc:datafield>
      <marc:datafield tag="856" ind1="4" ind2="0">
         <marc:subfield code="u">https://dx.doi.org/10.1186/s12870-017-1220-2</marc:subfield>
         <marc:subfield code="3">Available from publisher's site</marc:subfield>
      </marc:datafield>
      <marc:datafield tag="912" ind1=" " ind2=" ">
         <marc:subfield code="a">Article</marc:subfield>
      </marc:datafield>
      <marc:datafield tag="914" ind1=" " ind2=" ">
         <marc:subfield code="a">Journal:2167</marc:subfield>
         <marc:subfield code="b">1471-2229</marc:subfield>
         <marc:subfield code="c">18</marc:subfield>
         <marc:subfield code="d">1</marc:subfield>
         <marc:subfield code="e">21</marc:subfield>
      </marc:datafield>
      <marc:datafield tag="914" ind1=" " ind2=" ">
         <marc:subfield code="f">BMC plant biology</marc:subfield>
      </marc:datafield>
      <marc:datafield tag="916" ind1=" " ind2=" ">
         <marc:subfield code="a">Batch:1974</marc:subfield>
      </marc:datafield>
      <marc:datafield tag="917" ind1=" " ind2=" ">
         <marc:subfield code="a">issued</marc:subfield>
      </marc:datafield>
      <marc:datafield tag="918" ind1="2" ind2=" ">
         <marc:subfield code="a">Springer</marc:subfield>
         <marc:subfield code="e">provider</marc:subfield>
         <marc:subfield code="5">DNAL</marc:subfield>
      </marc:datafield>
      <marc:datafield tag="935" ind1=" " ind2=" ">
         <marc:subfield code="a">IND605904045</marc:subfield>
         <marc:subfield code="9">ExL</marc:subfield>
      </marc:datafield>
      <marc:datafield tag="949" ind1=" " ind2=" ">
         <marc:subfield code="a">2019-05-03</marc:subfield>
      </marc:datafield>
      <marc:datafield tag="953" ind1=" " ind2=" ">
         <marc:subfield code="a">/data/metadata/incoming/springer/ftp_PUB_19-05-03_05-33-53.zip</marc:subfield>
      </marc:datafield>
      <marc:datafield tag="954" ind1=" " ind2=" ">
         <marc:subfield code="a">file:/data/metadata/staging/springer/12870-18-1.xml</marc:subfield>
      </marc:datafield>
      <marc:datafield tag="955" ind1=" " ind2=" ">
         <marc:subfield code="a">/data/metadata/staging/springer/</marc:subfield>
      </marc:datafield>
      <marc:datafield tag="974" ind1=" " ind2=" ">
         <marc:subfield code="a">agid:5904045</marc:subfield>
      </marc:datafield>
      <marc:datafield tag="983" ind1=" " ind2=" ">
         <marc:subfield code="a">2019-05-03</marc:subfield>
      </marc:datafield>
      <marc:datafield tag="984" ind1=" " ind2=" ">
         <marc:subfield code="a">2019-05-03</marc:subfield>
      </marc:datafield>
   </marc:record>