
   <marc:record>
      <marc:leader>05866nab a2200769 u 4500</marc:leader>
      <marc:controlfield tag="001">9915886676907426</marc:controlfield>
      <marc:controlfield tag="005">20221119064846.0</marc:controlfield>
      <marc:controlfield tag="008">180102e201708 xx |||||o|||||||||||eng||</marc:controlfield>
      <marc:datafield tag="016" ind1="7" ind2=" ">
         <marc:subfield code="a">IND605874038</marc:subfield>
         <marc:subfield code="2">DNAL</marc:subfield>
      </marc:datafield>
      <marc:datafield tag="024" ind1="7" ind2=" ">
         <marc:subfield code="a">10.1111/jbi.12972</marc:subfield>
         <marc:subfield code="2">doi</marc:subfield>
      </marc:datafield>
      <marc:datafield tag="035" ind1=" " ind2=" ">
         <marc:subfield code="a">agid:5874038-01nal_inst</marc:subfield>
      </marc:datafield>
      <marc:datafield tag="040" ind1=" " ind2=" ">
         <marc:subfield code="a">AGL</marc:subfield>
         <marc:subfield code="b">eng</marc:subfield>
         <marc:subfield code="c">AGL</marc:subfield>
      </marc:datafield>
      <marc:datafield tag="100" ind1="1" ind2=" ">
         <marc:subfield code="a">Blatrix, Rumsaïs</marc:subfield>
         <marc:subfield code="e">author</marc:subfield>
         <marc:subfield code="u">CEFE UMR 5175, CNRS – Université de Montpellier – Université Paul Valéry
        Montpellier – EPHE, 1919 route de Mende, 34293, Montpellier Cedex 5, France</marc:subfield>
      </marc:datafield>
      <marc:datafield tag="245" ind1="1" ind2="0">
         <marc:subfield code="a">Comparative analysis of spatial genetic structure in an ant–plant symbiosis
        reveals a tension zone and highlights speciation processes in tropical Africa</marc:subfield>
      </marc:datafield>
      <marc:datafield tag="300" ind1=" " ind2=" ">
         <marc:subfield code="a">p. 1856-1868.</marc:subfield>
      </marc:datafield>
      <marc:datafield tag="500" ind1=" " ind2=" ">
         <marc:subfield code="a">JOURNAL ARTICLE</marc:subfield>
      </marc:datafield>
      <marc:datafield tag="520" ind1=" " ind2=" ">
         <marc:subfield code="a">AIM: Pleistocene climatic oscillations induced range fluctuations in
        African rain forest organisms and may have shaped species diversification through allopatric
        speciation events. We compared the spatial genetic structure of two forest species that live
        in obligate symbiosis and thus must have experienced the same range fluctuations, as a means
        to discriminate incipient speciation from transient differentiation simply resulting from
        past divergence. LOCATION: Western central Africa. METHODS: We genotyped 765 individuals of
        the tree Barteria fistulosa and 605 colonies of its symbiotic ant Tetraponera aethiops at 12
        and 13 microsatellite loci, respectively. We compared the spatial genetic structure of the
        two symbionts by using Bayesian clustering algorithms, isolation‐by‐distance analyses and
        clines of synthetic alleles. We used species niche modelling (climatic and soil variables)
        to investigate ecological variables associated with genetic discontinuities in tree
        populations. RESULTS: The trees and the ants showed congruent patterns of spatial genetic
        structure. However, the trees showed a very steep genetic discontinuity between groups north
        and south of latitude 1° N, which was much weaker in the ants. There was no evidence for
        effective gene flow between the two tree lineages in contact at the transition zone, despite
        the presence of a few hybrids. Niche modelling did not predict the occurrence of northern
        trees south of this genetic transition, and vice versa. MAIN CONCLUSIONS: The genetic
        discontinuity near latitude 1° N is inferred to be a tension zone resulting from
        reproductive incompatibilities between previously allopatric tree lineages. This tension
        zone may have stabilized at a climatic transition (between boreal and austral seasonal
        regimes), and matches patterns of genetic structure previously observed in other forest
        plant species. Our results illustrate independent speciation between two species that live
        in specific and obligate symbiosis and suggest that a tension zone may separate lineages of
        several central African forest plants near the thermal equator.</marc:subfield>
      </marc:datafield>
      <marc:datafield tag="592" ind1=" " ind2=" ">
         <marc:subfield code="a">Publisher supplied data</marc:subfield>
      </marc:datafield>
      <marc:datafield tag="593" ind1=" " ind2=" ">
         <marc:subfield code="a">PubAg article</marc:subfield>
      </marc:datafield>
      <marc:datafield tag="650" ind1=" " ind2="3">
         <marc:subfield code="a">Tetraponera</marc:subfield>
      </marc:datafield>
      <marc:datafield tag="650" ind1=" " ind2="3">
         <marc:subfield code="a">algorithms</marc:subfield>
      </marc:datafield>
      <marc:datafield tag="650" ind1=" " ind2="3">
         <marc:subfield code="a">alleles</marc:subfield>
      </marc:datafield>
      <marc:datafield tag="650" ind1=" " ind2="3">
         <marc:subfield code="a">allopatric speciation</marc:subfield>
      </marc:datafield>
      <marc:datafield tag="650" ind1=" " ind2="3">
         <marc:subfield code="a">allopatry</marc:subfield>
      </marc:datafield>
      <marc:datafield tag="650" ind1=" " ind2="3">
         <marc:subfield code="a">edaphic factors</marc:subfield>
      </marc:datafield>
      <marc:datafield tag="650" ind1=" " ind2="3">
         <marc:subfield code="a">forest plants</marc:subfield>
      </marc:datafield>
      <marc:datafield tag="650" ind1=" " ind2="3">
         <marc:subfield code="a">gene flow</marc:subfield>
      </marc:datafield>
      <marc:datafield tag="650" ind1=" " ind2="3">
         <marc:subfield code="a">genotyping</marc:subfield>
      </marc:datafield>
      <marc:datafield tag="650" ind1=" " ind2="3">
         <marc:subfield code="a">hybrids</marc:subfield>
      </marc:datafield>
      <marc:datafield tag="650" ind1=" " ind2="3">
         <marc:subfield code="a">incipient speciation</marc:subfield>
      </marc:datafield>
      <marc:datafield tag="650" ind1=" " ind2="3">
         <marc:subfield code="a">latitude</marc:subfield>
      </marc:datafield>
      <marc:datafield tag="650" ind1=" " ind2="3">
         <marc:subfield code="a">microsatellite repeats</marc:subfield>
      </marc:datafield>
      <marc:datafield tag="650" ind1=" " ind2="3">
         <marc:subfield code="a">models</marc:subfield>
      </marc:datafield>
      <marc:datafield tag="650" ind1=" " ind2="3">
         <marc:subfield code="a">rain forests</marc:subfield>
      </marc:datafield>
      <marc:datafield tag="650" ind1=" " ind2="3">
         <marc:subfield code="a">species diversity</marc:subfield>
      </marc:datafield>
      <marc:datafield tag="650" ind1=" " ind2="3">
         <marc:subfield code="a">symbionts</marc:subfield>
      </marc:datafield>
      <marc:datafield tag="650" ind1=" " ind2="3">
         <marc:subfield code="a">symbiosis</marc:subfield>
      </marc:datafield>
      <marc:datafield tag="650" ind1=" " ind2="3">
         <marc:subfield code="a">trees</marc:subfield>
      </marc:datafield>
      <marc:datafield tag="651" ind1=" " ind2="3">
         <marc:subfield code="a">Central Africa</marc:subfield>
      </marc:datafield>
      <marc:datafield tag="700" ind1="1" ind2=" ">
         <marc:subfield code="a">Peccoud, Jean</marc:subfield>
         <marc:subfield code="e">author</marc:subfield>
         <marc:subfield code="u">CEFE UMR 5175, CNRS – Université de Montpellier – Université Paul Valéry
        Montpellier – EPHE, 1919 route de Mende, 34293, Montpellier Cedex 5, France</marc:subfield>
      </marc:datafield>
      <marc:datafield tag="700" ind1="1" ind2=" ">
         <marc:subfield code="a">Born, Céline</marc:subfield>
         <marc:subfield code="e">author</marc:subfield>
         <marc:subfield code="u">CEFE UMR 5175, CNRS – Université de Montpellier – Université Paul Valéry
        Montpellier – EPHE, 1919 route de Mende, 34293, Montpellier Cedex 5, France</marc:subfield>
      </marc:datafield>
      <marc:datafield tag="700" ind1="1" ind2=" ">
         <marc:subfield code="a">Piatscheck, Finn</marc:subfield>
         <marc:subfield code="e">author</marc:subfield>
         <marc:subfield code="u">CEFE UMR 5175, CNRS – Université de Montpellier – Université Paul Valéry
        Montpellier – EPHE, 1919 route de Mende, 34293, Montpellier Cedex 5, France</marc:subfield>
      </marc:datafield>
      <marc:datafield tag="700" ind1="1" ind2=" ">
         <marc:subfield code="a">Benoit, Laure</marc:subfield>
         <marc:subfield code="e">author</marc:subfield>
         <marc:subfield code="u">CEFE UMR 5175, CNRS – Université de Montpellier – Université Paul Valéry
        Montpellier – EPHE, 1919 route de Mende, 34293, Montpellier Cedex 5, France</marc:subfield>
      </marc:datafield>
      <marc:datafield tag="700" ind1="1" ind2=" ">
         <marc:subfield code="a">Sauve, Mathieu</marc:subfield>
         <marc:subfield code="e">author</marc:subfield>
         <marc:subfield code="u">CEFE UMR 5175, CNRS – Université de Montpellier – Université Paul Valéry
        Montpellier – EPHE, 1919 route de Mende, 34293, Montpellier Cedex 5, France</marc:subfield>
      </marc:datafield>
      <marc:datafield tag="700" ind1="1" ind2=" ">
         <marc:subfield code="a">Djiéto‐Lordon, Champlain</marc:subfield>
         <marc:subfield code="e">author</marc:subfield>
         <marc:subfield code="u">Laboratory of Zoology, University of Yaoundé 1, Yaoundé,
        Cameroon</marc:subfield>
      </marc:datafield>
      <marc:datafield tag="700" ind1="1" ind2=" ">
         <marc:subfield code="a">Atteke, Christiane</marc:subfield>
         <marc:subfield code="e">author</marc:subfield>
         <marc:subfield code="u">Département de Biologie, Université des Sciences et Techniques de Masuku
        (USTM), Franceville, Gabon</marc:subfield>
      </marc:datafield>
      <marc:datafield tag="700" ind1="1" ind2=" ">
         <marc:subfield code="a">Wieringa, Jan J.</marc:subfield>
         <marc:subfield code="e">author</marc:subfield>
      </marc:datafield>
      <marc:datafield tag="700" ind1="1" ind2=" ">
         <marc:subfield code="a">Harris, David J.</marc:subfield>
         <marc:subfield code="e">author</marc:subfield>
         <marc:subfield code="u">Royal Botanic Garden Edinburgh, 20A Inverleith Row, Edinburgh, EH3 5LR,
        UK</marc:subfield>
      </marc:datafield>
      <marc:datafield tag="700" ind1="1" ind2=" ">
         <marc:subfield code="a">McKey, Doyle</marc:subfield>
         <marc:subfield code="e">author</marc:subfield>
      </marc:datafield>
      <marc:datafield tag="773" ind1="0" ind2=" ">
         <marc:subfield code="t">Journal of biogeography.</marc:subfield>
         <marc:subfield code="g">2017 Aug., v. 44, no. 8 p.1856-1868</marc:subfield>
         <marc:subfield code="d">John Wiley &amp; Sons, Ltd</marc:subfield>
         <marc:subfield code="w">Journal:jnl9765</marc:subfield>
         <marc:subfield code="x">0305-0270</marc:subfield>
         <marc:subfield code="7">nnas</marc:subfield>
      </marc:datafield>
      <marc:datafield tag="787" ind1="1" ind2=" ">
         <marc:subfield code="o">islandora_article_repository</marc:subfield>
      </marc:datafield>
      <marc:datafield tag="787" ind1="1" ind2=" ">
         <marc:subfield code="o">product_pubag</marc:subfield>
      </marc:datafield>
      <marc:datafield tag="787" ind1="1" ind2=" ">
         <marc:subfield code="o">(Journal)jnl9765</marc:subfield>
      </marc:datafield>
      <marc:datafield tag="856" ind1="4" ind2="0">
         <marc:subfield code="u">http://dx.doi.org/10.1111/jbi.12972</marc:subfield>
         <marc:subfield code="3">Available from publisher's site</marc:subfield>
      </marc:datafield>
      <marc:datafield tag="912" ind1=" " ind2=" ">
         <marc:subfield code="a">Article</marc:subfield>
      </marc:datafield>
      <marc:datafield tag="914" ind1=" " ind2=" ">
         <marc:subfield code="a">Journal:jnl9765</marc:subfield>
         <marc:subfield code="b">0305-0270</marc:subfield>
         <marc:subfield code="c">44</marc:subfield>
         <marc:subfield code="d">8</marc:subfield>
         <marc:subfield code="e">1856</marc:subfield>
      </marc:datafield>
      <marc:datafield tag="914" ind1=" " ind2=" ">
         <marc:subfield code="f">Journal of biogeography</marc:subfield>
      </marc:datafield>
      <marc:datafield tag="916" ind1=" " ind2=" ">
         <marc:subfield code="a">Batch:1909</marc:subfield>
      </marc:datafield>
      <marc:datafield tag="917" ind1=" " ind2=" ">
         <marc:subfield code="a">issued</marc:subfield>
      </marc:datafield>
      <marc:datafield tag="918" ind1="2" ind2=" ">
         <marc:subfield code="a">John Wiley &amp; Sons, Inc</marc:subfield>
         <marc:subfield code="e">provider</marc:subfield>
         <marc:subfield code="5">DNAL</marc:subfield>
      </marc:datafield>
      <marc:datafield tag="935" ind1=" " ind2=" ">
         <marc:subfield code="a">IND605874038</marc:subfield>
         <marc:subfield code="9">ExL</marc:subfield>
      </marc:datafield>
      <marc:datafield tag="949" ind1=" " ind2=" ">
         <marc:subfield code="a">2018-03-01</marc:subfield>
      </marc:datafield>
      <marc:datafield tag="953" ind1=" " ind2=" ">
         <marc:subfield code="a">03050270_2017_44_8.xml</marc:subfield>
      </marc:datafield>
      <marc:datafield tag="962" ind1=" " ind2=" ">
         <marc:subfield code="a">Batch:1909 reviewed on 2018-03-01T15:00:03Z</marc:subfield>
      </marc:datafield>
      <marc:datafield tag="974" ind1=" " ind2=" ">
         <marc:subfield code="a">agid:5874038</marc:subfield>
      </marc:datafield>
      <marc:datafield tag="983" ind1=" " ind2=" ">
         <marc:subfield code="a">2018-01-02</marc:subfield>
      </marc:datafield>
      <marc:datafield tag="984" ind1=" " ind2=" ">
         <marc:subfield code="a">2018-03-01</marc:subfield>
      </marc:datafield>
   </marc:record>