
   <marc:record>
      <marc:leader>03893nab a2200601 u 4500</marc:leader>
      <marc:controlfield tag="001">9915886876907426</marc:controlfield>
      <marc:controlfield tag="005">20221119065234.0</marc:controlfield>
      <marc:controlfield tag="008">220412e20080301xx |||||o|||||||||||eng||</marc:controlfield>
      <marc:datafield tag="016" ind1="7" ind2=" ">
         <marc:subfield code="a">IND607732245</marc:subfield>
         <marc:subfield code="2">DNAL</marc:subfield>
      </marc:datafield>
      <marc:datafield tag="024" ind1="7" ind2=" ">
         <marc:subfield code="a">10.2980/1195-6860(2008)15%5B73:SSSAGI%5D2.0.CO;2</marc:subfield>
         <marc:subfield code="2">doi</marc:subfield>
      </marc:datafield>
      <marc:datafield tag="035" ind1=" " ind2=" ">
         <marc:subfield code="a">agid:7732245-01nal_inst</marc:subfield>
      </marc:datafield>
      <marc:datafield tag="040" ind1=" " ind2=" ">
         <marc:subfield code="a">AGL</marc:subfield>
         <marc:subfield code="b">eng</marc:subfield>
         <marc:subfield code="c">AGL</marc:subfield>
      </marc:datafield>
      <marc:datafield tag="100" ind1="1" ind2=" ">
         <marc:subfield code="a">Nuñez, Cecilia I.</marc:subfield>
         <marc:subfield code="e">author</marc:subfield>
         <marc:subfield code="u">Laboratorio Ecotono, Centro Regional Universitario Bariloche, Universidad
        Nacional del Comahue, Quintal 1250, 8400, Bariloche, Argentina, e-mail:
        cecinu@crub.uncoma.edu.ar, or, cecinu@gmail.com</marc:subfield>
      </marc:datafield>
      <marc:datafield tag="245" ind1="1" ind2="0">
         <marc:subfield code="a">Sex-related spatial segregation and growth in a dioecious conifer along
        environmental gradients in northwestern Patagonia</marc:subfield>
      </marc:datafield>
      <marc:datafield tag="300" ind1=" " ind2=" ">
         <marc:subfield code="a">p. 73-80.</marc:subfield>
      </marc:datafield>
      <marc:datafield tag="520" ind1=" " ind2=" ">
         <marc:subfield code="a">The separation of sexes in plants (dioecy) implies differences in
        reproductive biology that in many cases favour sexual dimorphism and spatial segregation.
        Females of the dioecious conifer Austrocedrus chilensis have higher reproductive effort than
        males. We examined the spatial distribution of male and female Austrocedrus trees along a
        range of environmental conditions and sex-related growth patterns in northwestern Patagonia.
        Males were more abundant on high-radiation slopes (M:F ≈ 1.7), while low-radiation slopes
        had higher abundances of females (M:F ≈ 0.6). This pattern was consistent and equally strong
        in mesic and xeric sites along a strong rainfall gradient, suggesting that moisture is not
        the only triggering factor for tree distribution. Austrocedrus females tended to occupy the
        moister aspects, but genders were not isolated at large geographical scales, avoiding
        detrimental effects on species fitness. As evidenced by ring widths, males grew ~100% more
        per year than females on high-radiation exposures, while on low-radiation aspects, males and
        females did not differ significantly, suggesting that in moister, low-radiation exposures
        female trees are able to compensate for the reproductive expenses they have. Alternatively,
        reproductive effort may differ between male and females on different slopes.</marc:subfield>
      </marc:datafield>
      <marc:datafield tag="592" ind1=" " ind2=" ">
         <marc:subfield code="a">Publisher supplied data</marc:subfield>
      </marc:datafield>
      <marc:datafield tag="593" ind1=" " ind2=" ">
         <marc:subfield code="a">PubAg article</marc:subfield>
      </marc:datafield>
      <marc:datafield tag="650" ind1=" " ind2="3">
         <marc:subfield code="a">Libocedrus chilensis</marc:subfield>
      </marc:datafield>
      <marc:datafield tag="650" ind1=" " ind2="3">
         <marc:subfield code="a">conifers</marc:subfield>
      </marc:datafield>
      <marc:datafield tag="650" ind1=" " ind2="3">
         <marc:subfield code="a">dioecy</marc:subfield>
      </marc:datafield>
      <marc:datafield tag="650" ind1=" " ind2="3">
         <marc:subfield code="a">females</marc:subfield>
      </marc:datafield>
      <marc:datafield tag="650" ind1=" " ind2="3">
         <marc:subfield code="a">males</marc:subfield>
      </marc:datafield>
      <marc:datafield tag="650" ind1=" " ind2="3">
         <marc:subfield code="a">rain</marc:subfield>
      </marc:datafield>
      <marc:datafield tag="650" ind1=" " ind2="3">
         <marc:subfield code="a">sexual dimorphism</marc:subfield>
      </marc:datafield>
      <marc:datafield tag="650" ind1=" " ind2="3">
         <marc:subfield code="a">trees</marc:subfield>
      </marc:datafield>
      <marc:datafield tag="651" ind1=" " ind2="3">
         <marc:subfield code="a">Argentina</marc:subfield>
      </marc:datafield>
      <marc:datafield tag="653" ind1=" " ind2="0">
         <marc:subfield code="a">Austrocedrus chilensis</marc:subfield>
      </marc:datafield>
      <marc:datafield tag="653" ind1=" " ind2="0">
         <marc:subfield code="a">Cupressaceae</marc:subfield>
      </marc:datafield>
      <marc:datafield tag="653" ind1=" " ind2="0">
         <marc:subfield code="a">Nahuel Huapi National Park</marc:subfield>
      </marc:datafield>
      <marc:datafield tag="653" ind1=" " ind2="0">
         <marc:subfield code="a">sex-differential growth</marc:subfield>
      </marc:datafield>
      <marc:datafield tag="653" ind1=" " ind2="0">
         <marc:subfield code="a">spatial segregation of the sexes</marc:subfield>
      </marc:datafield>
      <marc:datafield tag="700" ind1="1" ind2=" ">
         <marc:subfield code="a">Nuñez, Martín A.</marc:subfield>
         <marc:subfield code="e">author</marc:subfield>
         <marc:subfield code="u">Department of Ecology and Evolutionary Biology, University of Tennessee,
        569 Dabney Hall, Knoxville, Tennessee, 37996, USA</marc:subfield>
      </marc:datafield>
      <marc:datafield tag="700" ind1="1" ind2=" ">
         <marc:subfield code="a">Kitzberger, Thomas</marc:subfield>
         <marc:subfield code="e">author</marc:subfield>
         <marc:subfield code="u">Laboratorio Ecotono, Centro Regional Universitario Bariloche, Universidad
        Nacional del Comahue, Quintal 1250, 8400, Bariloche, Argentina</marc:subfield>
      </marc:datafield>
      <marc:datafield tag="773" ind1="0" ind2=" ">
         <marc:subfield code="t">EÌ&#x81;coscience.</marc:subfield>
         <marc:subfield code="g">2008 Mar. 1, v. 15, no. 1 p.73-80</marc:subfield>
         <marc:subfield code="d">Taylor &amp; Francis</marc:subfield>
         <marc:subfield code="w">Journal:28412</marc:subfield>
         <marc:subfield code="x">2376-7626</marc:subfield>
         <marc:subfield code="7">nnas</marc:subfield>
      </marc:datafield>
      <marc:datafield tag="787" ind1="1" ind2=" ">
         <marc:subfield code="o">islandora_article_repository</marc:subfield>
      </marc:datafield>
      <marc:datafield tag="787" ind1="1" ind2=" ">
         <marc:subfield code="o">product_pubag</marc:subfield>
      </marc:datafield>
      <marc:datafield tag="787" ind1="1" ind2=" ">
         <marc:subfield code="o">(Journal)28412</marc:subfield>
      </marc:datafield>
      <marc:datafield tag="856" ind1="4" ind2="0">
         <marc:subfield code="u">https://dx.doi.org/10.2980/1195-6860(2008)15%5B73:SSSAGI%5D2.0.CO;2</marc:subfield>
      </marc:datafield>
      <marc:datafield tag="912" ind1=" " ind2=" ">
         <marc:subfield code="a">Article</marc:subfield>
      </marc:datafield>
      <marc:datafield tag="914" ind1=" " ind2=" ">
         <marc:subfield code="a">Journal:28412</marc:subfield>
         <marc:subfield code="b">2376-7626</marc:subfield>
         <marc:subfield code="c">15</marc:subfield>
         <marc:subfield code="d">1</marc:subfield>
         <marc:subfield code="e">73</marc:subfield>
      </marc:datafield>
      <marc:datafield tag="914" ind1=" " ind2=" ">
         <marc:subfield code="f">EÌ&#x81;coscience</marc:subfield>
      </marc:datafield>
      <marc:datafield tag="917" ind1=" " ind2=" ">
         <marc:subfield code="a">issued</marc:subfield>
      </marc:datafield>
      <marc:datafield tag="918" ind1="2" ind2=" ">
         <marc:subfield code="a">Taylor &amp; Francis Group</marc:subfield>
         <marc:subfield code="e">provider</marc:subfield>
         <marc:subfield code="5">DNAL</marc:subfield>
      </marc:datafield>
      <marc:datafield tag="935" ind1=" " ind2=" ">
         <marc:subfield code="a">IND607732245</marc:subfield>
         <marc:subfield code="9">ExL</marc:subfield>
      </marc:datafield>
      <marc:datafield tag="949" ind1=" " ind2=" ">
         <marc:subfield code="a">2022-04-12</marc:subfield>
      </marc:datafield>
      <marc:datafield tag="952" ind1=" " ind2=" ">
         <marc:subfield code="d">NAL-AP-2-clean</marc:subfield>
      </marc:datafield>
      <marc:datafield tag="953" ind1=" " ind2=" ">
         <marc:subfield code="a">/data/metadata/incoming/taylorfrancis/teco20_teco20.v015.i01_20220407044019#28178703.zip</marc:subfield>
      </marc:datafield>
      <marc:datafield tag="954" ind1=" " ind2=" ">
         <marc:subfield code="a">file:/data/metadata/staging/taylorfrancis/1195-6860(2008)15%5Bla%5D73%5Bco%5DSSSAGI%5Bra%5D2.0.CO;2.xml</marc:subfield>
      </marc:datafield>
      <marc:datafield tag="955" ind1=" " ind2=" ">
         <marc:subfield code="a">/data/metadata/staging/taylorfrancis/</marc:subfield>
      </marc:datafield>
      <marc:datafield tag="974" ind1=" " ind2=" ">
         <marc:subfield code="a">agid:7732245</marc:subfield>
      </marc:datafield>
      <marc:datafield tag="983" ind1=" " ind2=" ">
         <marc:subfield code="a">2022-04-12</marc:subfield>
      </marc:datafield>
      <marc:datafield tag="984" ind1=" " ind2=" ">
         <marc:subfield code="a">2022-04-12</marc:subfield>
      </marc:datafield>
   </marc:record>