
   <marc:record>
      <marc:leader>04909nab a2200649 u 4500</marc:leader>
      <marc:controlfield tag="001">9915888248607426</marc:controlfield>
      <marc:controlfield tag="005">20221116163617.0</marc:controlfield>
      <marc:controlfield tag="008">200603e202003 xx |||||o|||||||||||eng||</marc:controlfield>
      <marc:datafield tag="016" ind1="7" ind2=" ">
         <marc:subfield code="a">IND606810640</marc:subfield>
         <marc:subfield code="2">DNAL</marc:subfield>
      </marc:datafield>
      <marc:datafield tag="024" ind1="7" ind2=" ">
         <marc:subfield code="a">10.1007/s13595-019-0913-0</marc:subfield>
         <marc:subfield code="2">doi</marc:subfield>
      </marc:datafield>
      <marc:datafield tag="035" ind1=" " ind2=" ">
         <marc:subfield code="a">agid:6810640-01nal_inst</marc:subfield>
      </marc:datafield>
      <marc:datafield tag="040" ind1=" " ind2=" ">
         <marc:subfield code="a">AGL</marc:subfield>
         <marc:subfield code="b">eng</marc:subfield>
         <marc:subfield code="c">AGL</marc:subfield>
      </marc:datafield>
      <marc:datafield tag="100" ind1="1" ind2=" ">
         <marc:subfield code="a">Wédjangnon, Adigla Appolinaire</marc:subfield>
         <marc:subfield code="e">author</marc:subfield>
         <marc:subfield code="u">Laboratoire d’Etudes et de Recherches Forestières (LERF), Faculté
        d’Agronomie, Université de Parakou, 03BP 123, Parakou, Benin.
        wedjangnon_app@yahoo.com</marc:subfield>
         <marc:subfield code="1">https://orcid.org/0000-0001-8331-0976</marc:subfield>
      </marc:datafield>
      <marc:datafield tag="245" ind1="1" ind2="0">
         <marc:subfield code="a">Spatial distribution and interspecific association patterns between
        Mansonia altissima A. Chev., Ceiba pentandra (L.) Gaertn and Triplochiton scleroxylon K.
        Schum. in a moist semi-deciduous forest</marc:subfield>
      </marc:datafield>
      <marc:datafield tag="300" ind1=" " ind2=" ">
         <marc:subfield code="a">p. 6.</marc:subfield>
      </marc:datafield>
      <marc:datafield tag="520" ind1=" " ind2=" ">
         <marc:subfield code="a">KEY MESSAGE : Mansonia altissima A. Chev. has an aggregated distribution at
        the juvenile life stage that becomes random at the mature life stage. Ceiba pentandra (L.)
        Gaertn could play the role of nurse plant in the management of M. altissima populations
        providing them a moderate forest shade in large gaps for early growth. M. altissima and
        Triplochiton scleroxylon K. Schum. displayed independent distribution patterns. CONTEXT: M.
        altissima is a species with economic value found in moist semi-deciduous forests of tropical
        Africa. The analysis of spatial distribution patterns can help to understand the ecology of
        this species in forest stands dominated by emergent pioneer tree species like C. pentandra
        and T. scleroxylon. AIMS: To assess the spatial distribution patterns of M. altissima and
        spatial relationships with C. pentandra and T. scleroxylon in their natural habitat.
        METHODS: We investigated the spatial patterns of the three species during three life stages;
        juvenile (immature trees), premature (trees with minimum flowering diameter) and mature
        (trees with minimum fruiting diameter). Diameter at breast height (DBH) was measured and
        geographical coordinates of trees were recorded within ten one-ha plots, divided into
        sixteen subplots (625 m²). We computed the L(r) function, normalized from Ripley’s K(r)
        function to detect aggregated, random or regular distribution patterns. RESULTS:
        Aggregations were detected in juvenile and premature M. altissima. Size and scales of
        spatial aggregation were inversely proportional to the DBH size. M. altissima and C.
        pentandra displayed interspecific association patterns at the similar life stages. Both
        species were positively associated within a radius ≥ 3 m. No positive association was
        detected between M. altissima and T. scleroxylon. CONCLUSION: Interspecific association
        patterns between M. altissima and C. pentandra suggest that C. pentandra could be used as a
        nurse tree in reforestation and management practices of M. altissima populations.</marc:subfield>
      </marc:datafield>
      <marc:datafield tag="592" ind1=" " ind2=" ">
         <marc:subfield code="a">Publisher supplied data</marc:subfield>
      </marc:datafield>
      <marc:datafield tag="593" ind1=" " ind2=" ">
         <marc:subfield code="a">PubAg article</marc:subfield>
      </marc:datafield>
      <marc:datafield tag="650" ind1=" " ind2="3">
         <marc:subfield code="a">Ceiba pentandra</marc:subfield>
      </marc:datafield>
      <marc:datafield tag="650" ind1=" " ind2="3">
         <marc:subfield code="a">Mansonia altissima</marc:subfield>
      </marc:datafield>
      <marc:datafield tag="650" ind1=" " ind2="3">
         <marc:subfield code="a">Triplochiton scleroxylon</marc:subfield>
      </marc:datafield>
      <marc:datafield tag="650" ind1=" " ind2="3">
         <marc:subfield code="a">economic valuation</marc:subfield>
      </marc:datafield>
      <marc:datafield tag="650" ind1=" " ind2="3">
         <marc:subfield code="a">flowering</marc:subfield>
      </marc:datafield>
      <marc:datafield tag="650" ind1=" " ind2="3">
         <marc:subfield code="a">forest stands</marc:subfield>
      </marc:datafield>
      <marc:datafield tag="650" ind1=" " ind2="3">
         <marc:subfield code="a">forests</marc:subfield>
      </marc:datafield>
      <marc:datafield tag="650" ind1=" " ind2="3">
         <marc:subfield code="a">fruiting</marc:subfield>
      </marc:datafield>
      <marc:datafield tag="650" ind1=" " ind2="3">
         <marc:subfield code="a">geographical coordinates</marc:subfield>
      </marc:datafield>
      <marc:datafield tag="650" ind1=" " ind2="3">
         <marc:subfield code="a">habitats</marc:subfield>
      </marc:datafield>
      <marc:datafield tag="650" ind1=" " ind2="3">
         <marc:subfield code="a">juveniles</marc:subfield>
      </marc:datafield>
      <marc:datafield tag="650" ind1=" " ind2="3">
         <marc:subfield code="a">nurse plants</marc:subfield>
      </marc:datafield>
      <marc:datafield tag="650" ind1=" " ind2="3">
         <marc:subfield code="a">pioneer species</marc:subfield>
      </marc:datafield>
      <marc:datafield tag="650" ind1=" " ind2="3">
         <marc:subfield code="a">reforestation</marc:subfield>
      </marc:datafield>
      <marc:datafield tag="650" ind1=" " ind2="3">
         <marc:subfield code="a">tree and stand measurements</marc:subfield>
      </marc:datafield>
      <marc:datafield tag="650" ind1=" " ind2="3">
         <marc:subfield code="a">trees</marc:subfield>
      </marc:datafield>
      <marc:datafield tag="651" ind1=" " ind2="3">
         <marc:subfield code="a">Africa</marc:subfield>
      </marc:datafield>
      <marc:datafield tag="700" ind1="1" ind2=" ">
         <marc:subfield code="a">Sourou Kuiga, N. Bienvenue</marc:subfield>
         <marc:subfield code="e">author</marc:subfield>
         <marc:subfield code="u">Laboratoire d’Etudes et de Recherches Forestières (LERF), Faculté
        d’Agronomie, Université de Parakou, 03BP 123, Parakou, Benin</marc:subfield>
      </marc:datafield>
      <marc:datafield tag="700" ind1="1" ind2=" ">
         <marc:subfield code="a">Houêtchégnon, Towanou</marc:subfield>
         <marc:subfield code="e">author</marc:subfield>
         <marc:subfield code="u">Laboratoire d’Etudes et de Recherches Forestières (LERF), Faculté
        d’Agronomie, Université de Parakou, 03BP 123, Parakou, Benin</marc:subfield>
      </marc:datafield>
      <marc:datafield tag="700" ind1="1" ind2=" ">
         <marc:subfield code="a">Ouinsavi, Christine A. I. N.</marc:subfield>
         <marc:subfield code="e">author</marc:subfield>
         <marc:subfield code="u">Laboratoire d’Etudes et de Recherches Forestières (LERF), Faculté
        d’Agronomie, Université de Parakou, 03BP 123, Parakou, Benin</marc:subfield>
      </marc:datafield>
      <marc:datafield tag="773" ind1="0" ind2=" ">
         <marc:subfield code="t">Annals of forest science.</marc:subfield>
         <marc:subfield code="g">2020 Mar., v. 77, no. 1 p.6-6</marc:subfield>
         <marc:subfield code="d">Springer Paris</marc:subfield>
         <marc:subfield code="w">Journal:2137</marc:subfield>
         <marc:subfield code="x">1286-4560</marc:subfield>
         <marc:subfield code="7">nnas</marc:subfield>
      </marc:datafield>
      <marc:datafield tag="787" ind1="1" ind2=" ">
         <marc:subfield code="o">islandora_article_repository</marc:subfield>
      </marc:datafield>
      <marc:datafield tag="787" ind1="1" ind2=" ">
         <marc:subfield code="o">product_pubag</marc:subfield>
      </marc:datafield>
      <marc:datafield tag="787" ind1="1" ind2=" ">
         <marc:subfield code="o">(Journal)2137</marc:subfield>
      </marc:datafield>
      <marc:datafield tag="856" ind1="4" ind2="0">
         <marc:subfield code="u">https://dx.doi.org/10.1007/s13595-019-0913-0</marc:subfield>
         <marc:subfield code="3">Available from publisher's site</marc:subfield>
      </marc:datafield>
      <marc:datafield tag="912" ind1=" " ind2=" ">
         <marc:subfield code="a">Article</marc:subfield>
      </marc:datafield>
      <marc:datafield tag="914" ind1=" " ind2=" ">
         <marc:subfield code="a">Journal:2137</marc:subfield>
         <marc:subfield code="b">1286-4560</marc:subfield>
         <marc:subfield code="c">77</marc:subfield>
         <marc:subfield code="d">1</marc:subfield>
         <marc:subfield code="e">6</marc:subfield>
      </marc:datafield>
      <marc:datafield tag="914" ind1=" " ind2=" ">
         <marc:subfield code="f">Annals of forest science</marc:subfield>
      </marc:datafield>
      <marc:datafield tag="916" ind1=" " ind2=" ">
         <marc:subfield code="a">Batch:2619</marc:subfield>
      </marc:datafield>
      <marc:datafield tag="917" ind1=" " ind2=" ">
         <marc:subfield code="a">issued</marc:subfield>
      </marc:datafield>
      <marc:datafield tag="918" ind1="2" ind2=" ">
         <marc:subfield code="a">Springer</marc:subfield>
         <marc:subfield code="e">provider</marc:subfield>
         <marc:subfield code="5">DNAL</marc:subfield>
      </marc:datafield>
      <marc:datafield tag="935" ind1=" " ind2=" ">
         <marc:subfield code="a">IND606810640</marc:subfield>
         <marc:subfield code="9">ExL</marc:subfield>
      </marc:datafield>
      <marc:datafield tag="949" ind1=" " ind2=" ">
         <marc:subfield code="a">2020-11-27</marc:subfield>
      </marc:datafield>
      <marc:datafield tag="953" ind1=" " ind2=" ">
         <marc:subfield code="a">/data/metadata/incoming/springer/ftp_PUB_20-06-03_05-24-56.zip</marc:subfield>
      </marc:datafield>
      <marc:datafield tag="954" ind1=" " ind2=" ">
         <marc:subfield code="a">file:/data/metadata/staging/springer/13595-77-1.xml</marc:subfield>
      </marc:datafield>
      <marc:datafield tag="955" ind1=" " ind2=" ">
         <marc:subfield code="a">/data/metadata/staging/springer/</marc:subfield>
      </marc:datafield>
      <marc:datafield tag="974" ind1=" " ind2=" ">
         <marc:subfield code="a">agid:6810640</marc:subfield>
      </marc:datafield>
      <marc:datafield tag="983" ind1=" " ind2=" ">
         <marc:subfield code="a">2020-06-03</marc:subfield>
      </marc:datafield>
      <marc:datafield tag="984" ind1=" " ind2=" ">
         <marc:subfield code="a">2020-11-27</marc:subfield>
      </marc:datafield>
   </marc:record>